@article{Artmap,
author = {Carpenter, G.A. and Grossberg, S. and Reynolds, J.H.},
year = 1991, 
title = {ARTMAP: Supervised real-time learning and classification of nonstationary data by a self-organizing neural network}, 
journal = {Neural Networks},
volume = 4,
pages = {565-588}
}

@INPROCEEDINGS{French94,
    author = {Robert M. French},
    title = {Catastrophic Forgetting in Connectionist Networks: Causes, Consequences and Solutions},
    booktitle = {Trends in Cognitive Sciences},
    year = {1994},
    pages = {128--135}
}

@PHDTHESIS{Oza01,
  AUTHOR = {Oza, N.},
  TITLE =  {Online Ensemble Learning},
  SCHOOL = {University of California Berkeley},
  YEAR =   {2001},
}

@article{Breiman99,
 author = {Breiman, L.},
 title = {Pasting small votes for classification in large databases and on-line},
 journal = {Machine Learning},
 volume = {36},
 year = {1999},
 pages = {85--103},
}


@ARTICLE{Shiryaev09,
  author =       {Shiryaev, A.},
  title =        {On Stochastic Models and Optimal Methods in the Quickest Detection Problems},
  journal =      {Theory Probab. Appl.},
  year =         {2009},
  volume =       {53},
  number =       {3},
  pages =        {385–401},
}


@ARTICLE{Tartakovsky10,
  author =       {Tartakovsky, A. and Moustakides, G.},
  title =        {State-of-the-Art in Bayesian Changepoint Detection},
  journal =      {Sequential Analysis, Taylor \& Francis Group, LLC},
  year =         {2010},
  volume =       {29},
  pages =        {125–145},
}

@Article{Carpenter91,
  author =       {Carpenter, G. and Grossberg, S. and Rosen, D.},
  title =        {{Fuzzy ART: Fast Stable Learning and Categorization of Analog Patterns by an Adaptive Resonance System}},
  journal =      {Neural Networks},
  year =         1991,
  volume =       4,
  number =       6,
  pages =        {759--771}
}

@book{Cesa06,
  author    = {Cesa-Bianchi, N. and Lugosi, G.},
  title     = {Prediction, learning, and games},
  publisher = {Cambridge University Press},
  year      = {2006},
  isbn      = {978-0-521-84108-5},
}


@article{Littlestone87,
  author    = {Littlestone, N.},
  title     = {Learning Quickly When Irrelevant Attributes Abound: A New
               Linear-threshold Algorithm},
  journal   = {Machine Learning},
  volume    = {2},
  number    = {4},
  year      = {1987},
  pages     = {285-318},
}

@article{Littlestone94,
  author    = {Littlestone, N. and
               Warmuth, M.},
  title     = {The Weighted Majority Algorithm},
  journal   = {Inf. Comput.},
  volume    = {108},
  number    = {2},
  year      = {1994},
  pages     = {212-261},
}

@article{Herbster98,
  author    = {Herbster, M. and
               Warmuth, M.},
  title     = {Tracking the Best Expert},
  journal   = {Machine Learning},
  volume    = {32},
  number    = {2},
  year      = {1998},
  pages     = {151-178},
}


@article{Vovk98,
  author    = {Vovk, V.},
  title     = {A Game of Prediction with Expert Advice},
  journal   = {J. Comput. Syst. Sci.},
  volume    = {56},
  number    = {2},
  year      = {1998},
  pages     = {153-173},
}

@article{Bouchachia11,
  author    = {Bouchachia, A.},
  title     = {Incremental learning with multi-level adaptation},
  journal   = {Neurocomputing},
  volume    = {74},
  number    = {11},
  year      = {2011},
  pages     = {1785-1799},
}

@article {Bouchachia10,
   author = {Bouchachia, A.},
   title = {An evolving classification cascade with self-learning},
   journal = {Evolving Systems},
   publisher = {Springer Berlin / Heidelberg},
   pages = {143-160},
   volume = {1},
   issue = {3},
   year = {2010}
}

@inproceedings{Kolter03,
  author    = {Kolter, J. and
               Maloof, M.},
  title     = {Dynamic Weighted Majority: A New Ensemble Method for Tracking
               Concept Drift},
  booktitle = {ICDM},
  year      = {2003},
  pages     = {123-130},
}


@article{Bouchachia11SOFT,
  author    = {Bouchachia, A.},
  title     = {Fuzzy classification in dynamic environments},
  journal   = {Soft Comput.},
  volume    = {15},
  number    = {5},
  year      = {2011},
  pages     = {1009-1022},
}

@article{Bouchachia11b,
  author    = {Bouchachia, A.},
  title     = {Fuzzy classification in dynamic environments},
  journal   = {Soft Comput.},
  volume    = {15},
  number    = {5},
  year      = {2011},
  pages     = {1009-1022},
}

@ARTICLE{Bouchachia06SOFT,
  AUTHOR =       {Bouchachia, A. and Mittermeir, R.},
  TITLE =        {Towards Fuzzy Incremental Classifiers},
  JOURNAL =      {Soft Computing},
  YEAR =         {2006},
  volume =       {11},
  number=         {2},
  pages =        {193--207},
}


@INPROCEEDINGS{Al-Kateb07,
author={Al-Kateb, M. and Byung Suk, L. and Wang, X.},
booktitle={ International Conference on Scientific and Statistical Database Management, 2007. SSBDM '07}, 
title={Adaptive-Size Reservoir Sampling over Data Streams},
year={2007},
pages={22},
}

@article{Efraimidis06,
 author = {Efraimidis, P. and Spirakis, P.},
 title = {Weighted random sampling with a reservoir},
 journal = {Inf. Process. Lett.},
 volume = {97},
 number = {5},
 year = {2006},
 pages = {181--185},
}

@inproceedings{Aggarwal06,
 author = {Aggarwal, C.},
 title = {On biased reservoir sampling in the presence of stream
 evolution},
 booktitle = {Proceedings of the 32nd international conference on Very large
 data bases},
 series = {VLDB '06},
 year = {2006},
 pages = {607--618},
}

@inproceedings{Rusu09,
 author = {Rusu, F. and Dobra, A.},
 title = {Sketching Sampled Data Streams},
 booktitle = {Proceedings of the 2009 IEEE International Conference on Data
 Engineering},
 series = {ICDE '09},
 year = {2009},
 pages = {381--392},
}

@INPROCEEDINGS{Li07,
author={Li, W. and Jin, X. and Ye, X.},
booktitle={Natural Computation, 2007. ICNC 2007. Third International Conference on}, 
title={Detecting Change in Data Stream: Using Sampling Technique},
year={2007},
pages={130 -134},
}

@article{Vitter85,
 author = {Vitter, J.},
 title = {Random sampling with a reservoir},
 journal = {ACM Trans. Math. Softw.},
 volume = {11},
 number = {1},
 year = {1985},
 pages = {37--57},
}

@inproceedings{Fan04,
 author = {Fan, W.},
 title = {StreamMiner: a classifier ensemble-based engine to mine
 concept-drifting data streams},
 booktitle = {Proceedings of the Thirtieth international conference on Very
 large data bases - Volume 30},
 series = {VLDB '04},
 year = {2004},
 pages = {1257--1260},
}

@inproceedings{Yao12,
	author = {Yao, Rui and Shi, Qinfeng and Shen, Chunhua and Zhang, Yanning and van den Hengel, Anton},
 title = {Robust Tracking with Weighted Online Structured Learning},
 booktitle = {Proceedings of the 12th European Conference on Computer Vision (ECCV 12)},
 year = {2012},
}

@inproceedings{Ng08,
 author = {Ng, W. and Dash, M.},
 title = {A test paradigm for detecting changes in transactional data streams},
 booktitle = {Proceedings of the 13th international conference on Database systems for advanced applications},
 series = {DASFAA'08},
 year = {2008},
 pages = {204--219},
 publisher = {Springer-Verlag},
 address = {Berlin, Heidelberg},
}

@inproceedings{Zhao11,
  author    = {Zhao, P. and
               Hoi, S.C. and Jin, R. and Yang, T.},
  title     = {Online AUC Maximization},
  booktitle = {ICML},
  year      = {2011},
  pages     = {233--240}
}


@article{Fern03,
 author = {Fern, A. and Givan, R.},
 title = {Online Ensemble Learning: An Empirical Study},
 journal = {Machine Learning},
  volume = {53},
 number = {1-2},
 year = {2003},
 pages = {71--109}
 }

