@article{lorden1971procedures,
  title={Procedures for reacting to a change in distribution},
  author={Lorden, Gary},
  journal={The Annals of Mathematical Statistics},
  pages={1897--1908},
  year={1971},
  publisher={JSTOR}
}