% Sample bibliography entries from Olsbo & Tynkkynen: Ohjeita 
% yliopistosarjojen kirjoittajalle (Jyväskylän yliopiston kirjasto, 
% julkaisuyksikkö, 2003).

@Book{isaacson65:_psych,
  language = {english},
  author =    {R. L. Isaacson and M. L. Hunt and M. L. Blum},
  title =        {Psychology.  The science of behavior},
  publisher =    {Harper {\&} Row},
  year =         1965,
  address =   {New York}}

@InCollection{jaakkola70:_huumaus_suomes,
  language = {finnish},
  author =       {R. Jaakkola},
  title =        {Huumausaineiden käyttö {S}uomessa},
  booktitle =    {Huumausainekysymys},
  pages =     {91--117},
  publisher = {WSOY},
  year =      1970,
  editor =    {I. Taipale},
  address =   {Porvoo}}

@InCollection{pulkkinen82:_self_contr_and_contin_from,
  language = {english},
  author =       {Lea Pulkkinen},
  title =        {Self-control and continuity from childhood to late
                  adolescence},
  booktitle =    {Life-span development and behavior},
  editor = {P. B. Baltes and O. G. Brim},
  pages =     {63--105},
  publisher = {Academic Press},
  year =      1982,
  volume =    4,
  address =   {New York}}

@Book{niiniluoto80:_johdat_tieten_filos,
  language = {finnish},
  author =    {Ilkka Niiniluoto},
  title =        {Johdatus tieteen filosofiaan. Käsitteen- ja teorianmuodostus},
  publisher =    {Otava},
  year =         1980,
  address =   {Keuruu}}

@Book{vaisala67:_keskik_geomet,
  language = {finnish},
  author =    {K. Väisälä},
  title =        {Keskikoulun geometria},
  publisher =    {WSOY},
  year =         1967,
  address =   {Porvoo},
  edition =   4}

@Article{morgan83:_learn_and_studen_life_qualit,
  language = {english},
  author =       {W. R. Morgan},
  title =        {Learning and student life quality of public and
                  private school youth},
  journal =      {Sociology of Education},
  year =         1983,
  volume =    56,
  number =    4,
  pages =     {187--202}}

@Article{ekorre79:_nuoris_luvun_tavoit,
  language = {finnish},
  author =       {M. Ekorre},
  title =        {Nuorisopolitiikan 1980-luvun tavoitteet},
  journal =      {Nuorisotyö},
  year =         1979,
  number =    4,
  pages =     {4--10}}

@Article{haavio-mannila82:_laatu_ja,
  language = {finnish},
  author =       {E. Haavio-Mannila},
  title =        {Työn laatu ja työpaikkarakkaudet},
  journal =      {Sosiologia},
  year =         1982,
  volume =    19,
  number =    4,
  pages =     {225--236}}

@Book{hurme78:_life_event_resear,
  language = {english},
  author =    {H. Hurme},
  title =        {Life event research.  Findings and methodological problems},
  publisher =    {University of Jyväskylä},
  year = 1978,
  number =    215,
  series =    {Reports from the Department of Psychology}}

@Book{karvonen70:_opett_asent_odotuk_ja_oppim_jatkok_i,
  language =     {finnish},
  author =    {J. Karvonen},
  title =        {Opettajien asenteet, odotukset ja oppimistulokset
                  jatkokoulutuksessa {I}. Teoreettinen kehys},
  publisher =    {Jyväskylän yliopisto},
  year =         1970,
  number =    63,
  series =    {Kasvatustieteiden tutkimuslaitoksen julkaisuja}}

@Book{nummenmaa64:_languag_of_face,
  language =     {english},
  author =    {T. Nummenmaa},
  title =        {The language of the face},
  year =         1964,
  number =    9,
  series =    {Jyväskylä Studies in Education, Psychology and
                  Social Research}}

@TechReport{beijer69:_huumausaineiden,
  language =     {finnish},
  author =       {S. Beijer},
  title =        {Huumausaineiden käyttö {V}aasan kansalaiskouluissa,
                  oppikouluissa ja ammattikouluissa},
  type =         {Julkaisematon tutkimus},
  year = {1969}
}

@MastersThesis{kivinen71:_huumaus_nuort_ja_sosiaal,
  language =     {finnish},
  author =       {P. Kivinen},
  title =        {Huumausaineita käyttävien nuorten
                  personallisuudenpiirteistä ja sosiaalisista
                  taustatekijöistä},
  school =       {Helsingin yliopisto},
  year =         1971,
  type =      {Psykologian pro gradu -työ}
}

@MastersThesis{olkinuora71:_kansa_ja_kansal_opetus_ja,
  language =     {finnish},
  author =       {H. Olkinuora},
  title =        {Kansa- ja kansalaiskoulun opetussuunnitelmien ja
                  oppikirjojen alkoholi-informaation erittely},
  school =       {Jyväskylän yliopisto},
  year =         1971,
  type =         {Kasvatustieteen lisensiaattityö}
}

% Other test cases
@article{bib:Glover1989a,
  title = "Tabu Search - Part {I}",
  author = "Fred Glover",
  journal = "ORSA Journal on Computing",
  volume = 1,
  year = 1989,
  pages = "190--206"
};

@article{bib:Glover1989b,
  title = "Tabu Search - Part {II}",
  author = "Fred Glover",
  journal = "ORSA Journal on Computing",
  volume = 2,
  year = 1989,
  pages = "4--32"
};

@inproceedings{bib:Apolloni2008,
  author = " Javier Apolloni and Guillermo Leguizam\'{o}n and Jos\'{e} Garc\'{\i}a-Nieto and Enrique Alba",
  title = "Island Based Distributed Differential Evolution: An Experimental Study on Hybrid Testbeds",
  booktitle = "Proceedings of the {IEEE} International Conference on Hybrid Intelligent Systems",
  year = "2008",
  pages = "696--701",
};

@incollection{bib:DeFalco2007,
  author    = "Ivanoe De Falco and
               Antonio Della Cioppa and
               Domenico Maisto and
               Umberto Scafuri and
               Ernesto Tarantino",
  title     = "Satellite Image Registration by Distributed Differential
               Evolution",
booktitle     = "Applications of Evolutionary Computing",
series = "Lectures Notes in Computer Science",
  publisher     = "Springer",
  year          = "2007",
  Volume = "4448",
  pages     = "251--260",
};

@inproceedings{bib:DeFalco2007b,
  author    = "Ivanoe De Falco and
               Domenico Maisto and
               Umberto Scafuri and
               Ernesto Tarantino and
               Antonio Della Cioppa",
  title     = "Distributed Differential Evolution for the Registration
               of Remotely Sensed Images",
  booktitle = "Proceedings of the {IEEE} Euromicro International Conference on Parallel, Distributed
               and Network-Based Processing",
  year      = "2007",
  pages     = "358--362",
};

@inproceedings{bib:DeFalco2007c,
  author    = "Ivanoe De Falco and
               Umberto Scafuri and
               Ernesto Tarantino and
               Antonio Della Cioppa",
  title     = "A Distributed Differential Evolution Approach for Mapping
               in a Grid Environment",
booktitle = "Proceedings of the {IEEE} Euromicro International Conference on Parallel, Distributed
               and Network-Based Processing",
               year      = "2007",
  pages     = "442--449",
};

@article{bib:Garcia2008,
  author = "S. García and A. Fernández and J. Luengo and F. Herrera",
  title = "A study of statistical techniques and performance measures for
    genetics-based machine learning: accuracy and interpretability",
  journal = "Soft Computing",
  year = "2008",
  volume = "13",
  number = "10",
  pages = "959--977",
};

@article{bib:Garcia2008a,
  author = "Salvador Garc{\'i}a and Daniel Molina and Manuel Lozano and Francisco Herrera",
  title = "A study on the use of non-parametric tests for analyzing the
    evolutionary algorithms' behaviour: a case study on the CEC'2005 Special
    Session on Real Parameter Optimization",
  journal = "Journal of Heuristics",
  year = "2008",
  volume = "15",
  number = "6",
  pages = "617--644",
}

% Note that I strongly disagree with Olsbo et al about how to deal with
% referring to online versions of journal articles.  I recommend using
% the DOI, where available, as below.  (Note that the example in the spec is
% very sloppily done.)
@Article{inoue05:_commun,
  author =       {Inoue, Asao B.},
  title =        {Community-based assessment pedagogy},
  journal =      {Assessing Writing},
  year =         2005,
  volume =    9,
  pages =     {208--238},
  doi = {10.1016/j.asw.2004.12.001}
}

@MastersThesis{alasmaa03:_aikam_amats,
  language = {finnish},
  author =       {Alasmaa, Anne},
  title =        {''Aikamme amatsoonit'' --- Akateemisten Naisten
                  Karjala-Seura osana oikeistoliikehdintää 1922--1944},
  school =       {Jyväskylän yliopiston historian laitos},
  year =         2003,
  url = {http://urn.fi/URN:NBN:fi:jyu-2003894810},
  accessed = {{2011}{05}{30}}
}

% testing "and others"
@Article{bergin97:_hopl_ii,
  author =       {Tim Bergin and others},
  title =        {{HOPL~II} -- Closing Panel: The History of Programming: Does our Present Past Have a Future},
  journal =      {ACM SIGPLAN Notices},
  year =         1997,
  volume =    32,
  number =    9,
  pages =     {15--37},
  doi = {10.1145/270507.270509},
  accessed = {{2011}{08}{30}}
}

