% Encoding: UTF-8

@InProceedings{Bifet2007a,
  author    = {Albert Bifet and Ricard Gavald{\`a}},
  booktitle = {Proc. of the 7th SIAM Int. Conference on Data Mining, SDM'07},
  title     = {Learning from Time-Changing Data with Adaptive Windowing},
  year      = {2007},
  bibsource = {DBLP, http://dblp.uni-trier.de},
  crossref  = {DBLP:conf/sdm/2007},
  ee        = {http://www.siam.org/meetings/proceedings/2007/datamining/papers/042Bifet.pdf},
}

@InProceedings{Gama2006,
  author    = {J. Gama and G. Castillo},
  booktitle = {Proc. Int. Conf. on Advanced Data Mining and Applications (ADMA 2006)},
  title     = {Learning with {L}ocal {D}rift {D}etection},
  year      = {2006},
  pages     = {42-55},
  publisher = {Springer},
  series    = {LNCS},
  volume    = {4093},
  bibsource = {DBLP, http://dblp.uni-trier.de},
  crossref  = {DBLP:conf/adma/2006},
  ee        = {http://dx.doi.org/10.1007/11811305_4},
}
{ZliobaiteBP09,
  author    = {Indre Zliobaite and
               Jorn Bakker and
               Mykola Pechenizkiy},
  title     = {{OMFP}: {A}n {A}pproach for {O}nline {M}ass {F}low {P}rediction in {CFB} {B}oilers},
  booktitle = {Discovery Science},
  year      = {2009},
  pages     = {272-286},
  ee        = {http://dx.doi.org/10.1007/978-3-642-04747-3_22},
  crossref  = {DBLP:conf/dis/2009},
  bibsource = {DBLP, http://dblp.uni-trier.de}

@InProceedings{Ivannikov2009,
  author    = {Andriy Ivannikov and Mykola Pechenizkiy and Jorn Bakker and Timo Leino and Mikko Jegoroff and Tommi K{\"a}rkk{\"a}inen and Sami {\"A}yr{\"a}m{\"o}},
  booktitle = {ICDM},
  title     = {Online {M}ass {F}low {P}rediction in {CFB} {B}oilers},
  year      = {2009},
  pages     = {206-219},
  bibsource = {DBLP, http://dblp.uni-trier.de},
  crossref  = {DBLP:conf/incdm/2009},
  ee        = {http://dx.doi.org/10.1007/978-3-642-03067-3_17},
}

@InProceedings{Zliobaite2009,
  author    = {Indre Zliobaite and Jorn Bakker and Mykola Pechenizkiy},
  booktitle = {{ICDM} Workshops 2009, {IEEE} International Conference on Data Mining Workshops, Miami, Florida, USA, 6 December 2009},
  title     = {Towards Context Aware Food Sales Prediction},
  year      = {2009},
  pages     = {94--99},
  bibsource = {dblp computer science bibliography, http://dblp.org},
  biburl    = {http://dblp.uni-trier.de/rec/bib/conf/icdm/ZliobaiteBP09},
  crossref  = {DBLP:conf/icdm/2009w},
  doi       = {10.1109/ICDMW.2009.60},
  timestamp = {Wed, 17 Sep 2014 19:35:16 +0200},
  url       = {http://dx.doi.org/10.1109/ICDMW.2009.60},
}


@article{SouzaRMB20, 
    author = {Vin{\'{\i}}cius M. A. de Souza and Denis Moreira dos Reis and Andr{\'{e}} Gustavo Maletzke and Gustavo E. A. P. A. Batista}, 
    title = {Challenges in benchmarking stream learning algorithms with real-world data}, 
    journal = {Data Min. Knowl. Discov.}, 
    volume = {34}, 
    number = {6}, 
    pages = {1805--1858}, 
    year = {2020}, 
    doi = {10.1007/s10618-020-00698-5}, 
    biburl = {https://dblp.org/rec/journals/datamine/SouzaRMB20.bib}
}

@article{bodenham2017continuous,
  title={Continuous monitoring for changepoints in data streams using adaptive estimation},
  author={Bodenham, Dean A and Adams, Niall M},
  journal={Statistics and Computing},
  volume={27},
  number={5},
  pages={1257--1270},
  year={2017},
  publisher={Springer}
}

@Article{Harries1999,
  author    = {Harries, Michael and Wales, New South},
  title     = {Splice-2 comparative evaluation: Electricity pricing},
  year      = {1999},
  publisher = {Citeseer},
}

@Book{Hyndman2018,
  author    = {Hyndman, Rob J and Athanasopoulos, George},
  publisher = {OTexts},
  title     = {Forecasting: principles and practice},
  year      = {2018},
}

@Book{Box2015,
  author    = {Box, George EP and Jenkins, Gwilym M and Reinsel, Gregory C and Ljung, Greta M},
  publisher = {John Wiley \& Sons},
  title     = {Time series analysis: forecasting and control},
  year      = {2015},
}

@Book{Axler1997,
  author    = {Axler, Sheldon},
  publisher = {Springer Science \& Business Media},
  title     = {Linear algebra done right},
  year      = {1997},
}

@InProceedings{Kaerkkaeinen2014,
  author    = {K{\"a}rkk{\"a}inen, Tommi and Maslov, Alexandr V and Wartiainen, Pekka},
  booktitle = {ESANN},
  title     = {Region of interest detection using MLP.},
  year      = {2014},
}

@Article{Zliobaite2013,
  author  = {Zliobaite, Indre},
  journal = {arXiv preprint arXiv:1301.3524},
  title   = {How good is the electricity benchmark for evaluating concept drift adaptation},
  year    = {2013},
}

@InCollection{Salganicoff1997,
  author    = {Salganicoff, Marcos},
  booktitle = {Lazy learning},
  publisher = {Springer},
  title     = {Tolerating concept and sampling shift in lazy learning using prediction error context switching},
  year      = {1997},
  pages     = {133--155},
}

@Article{Tsymbal2004,
  author    = {Tsymbal, Alexey},
  journal   = {Computer Science Department, Trinity College Dublin},
  title     = {The problem of concept drift: definitions and related work},
  year      = {2004},
  number    = {2},
  pages     = {58},
  volume    = {106},
  publisher = {Citeseer},
}

@InProceedings{Widmer1993,
  author       = {Widmer, Gerhard and Kubat, Miroslav},
  booktitle    = {European Conference on Machine Learning},
  title        = {Effective learning in dynamic environments by explicit context tracking},
  year         = {1993},
  organization = {Springer},
  pages        = {227--243},
}

@InProceedings{Delany2004,
  author       = {Delany, Sarah Jane and Cunningham, P{\'a}draig and Tsymbal, Alexey and Coyle, Lorcan},
  booktitle    = {International Conference on Innovative Techniques and Applications of Artificial Intelligence},
  title        = {A case-based technique for tracking concept drift in spam filtering},
  year         = {2004},
  organization = {Springer},
  pages        = {3--16},
}

@InProceedings{Gao2007,
  author       = {Gao, Jing and Fan, Wei and Han, Jiawei and Yu, Philip S},
  booktitle    = {Proceedings of the 2007 siam international conference on data mining},
  title        = {A general framework for mining concept-drifting data streams with skewed distributions},
  year         = {2007},
  organization = {SIAM},
  pages        = {3--14},
}

@Article{Diethe2019,
  author  = {Diethe, Tom and Borchert, Tom and Thereska, Eno and Balle, Borja and Lawrence, Neil},
  journal = {arXiv preprint arXiv:1903.05202},
  title   = {Continual learning in practice},
  year    = {2019},
}

@Article{Schwarz1978,
  author    = {Schwarz, Gideon and others},
  journal   = {Annals of statistics},
  title     = {Estimating the dimension of a model},
  year      = {1978},
  number    = {2},
  pages     = {461--464},
  volume    = {6},
  publisher = {Institute of Mathematical Statistics},
}

@Article{Akaike1974,
  author    = {Akaike, Hirotugu},
  journal   = {IEEE transactions on automatic control},
  title     = {A new look at the statistical model identification},
  year      = {1974},
  number    = {6},
  pages     = {716--723},
  volume    = {19},
  publisher = {Ieee},
}

@Article{Rigaill2010,
  author    = {Rigaill, Guillem},
  journal   = {arXiv preprint arXiv:1004.0887},
  title     = {Pruned dynamic programming for optimal multiple change-point detection},
  year      = {2010},
  volume    = {17},
  publisher = {Citeseer},
}

@Book{Chen2011,
  author    = {Chen, Jie and Gupta, Arjun K},
  publisher = {Springer Science \& Business Media},
  title     = {Parametric statistical change point analysis: with applications to genetics, medicine, and finance},
  year      = {2011},
}

@Article{Inclan1994,
  author    = {Inclan, Carla and Tiao, George C},
  journal   = {Journal of the American Statistical Association},
  title     = {Use of cumulative sums of squares for retrospective detection of changes of variance},
  year      = {1994},
  number    = {427},
  pages     = {913--923},
  volume    = {89},
  publisher = {Taylor \& Francis Group},
}

@Article{Guyon1999,
  author    = {Guyon, Xavier and Yao, Jian-feng},
  journal   = {Journal of Multivariate Analysis},
  title     = {On the underfitting and overfitting sets of models chosen by order selection criteria},
  year      = {1999},
  number    = {2},
  pages     = {221--249},
  volume    = {70},
  publisher = {Elsevier},
}

@Article{Jackson2005a,
  author    = {Jackson, Brad and Scargle, Jeffrey D and Barnes, David and Arabhi, Sundararajan and Alt, Alina and Gioumousis, Peter and Gwin, Elyus and Sangtrakulcharoen, Paungkaew and Tan, Linda and Tsai, Tun Tao},
  journal   = {IEEE Signal Processing Letters},
  title     = {An algorithm for optimal partitioning of data on an interval},
  year      = {2005},
  number    = {2},
  pages     = {105--108},
  volume    = {12},
  publisher = {IEEE},
}

@Article{Bellman1966,
  author    = {Bellman, Richard},
  journal   = {Science},
  title     = {Dynamic programming},
  year      = {1966},
  number    = {3731},
  pages     = {34--37},
  volume    = {153},
  publisher = {American Association for the Advancement of Science},
}

@InProceedings{Bifet2007,
  author       = {Bifet, Albert and Gavalda, Ricard},
  booktitle    = {Proceedings of the 2007 SIAM international conference on data mining},
  title        = {Learning from time-changing data with adaptive windowing},
  year         = {2007},
  organization = {SIAM},
  pages        = {443--448},
}

@Article{Killick2012,
  author    = {Killick, Rebecca and Fearnhead, Paul and Eckley, Idris A},
  journal   = {Journal of the American Statistical Association},
  title     = {Optimal detection of changepoints with a linear computational cost},
  year      = {2012},
  number    = {500},
  pages     = {1590--1598},
  volume    = {107},
  publisher = {Taylor \& Francis},
}

@Article{Adams2007,
  author  = {Adams, Ryan Prescott and MacKay, David JC},
  journal = {arXiv preprint arXiv:0710.3742},
  title   = {Bayesian online changepoint detection},
  year    = {2007},
}

@Article{Schlimmer1986,
  author    = {Schlimmer, Jeffrey C and Granger, Richard H},
  journal   = {Machine learning},
  title     = {Incremental learning from noisy data},
  year      = {1986},
  number    = {3},
  pages     = {317--354},
  volume    = {1},
  publisher = {Springer},
}

@InProceedings{Gama2004,
  author       = {Gama, Joao and Medas, Pedro and Castillo, Gladys and Rodrigues, Pedro},
  booktitle    = {Brazilian symposium on artificial intelligence},
  title        = {Learning with drift detection},
  year         = {2004},
  organization = {Springer},
  pages        = {286--295},
}

@InProceedings{BaenaGarcia2006,
  author    = {Baena-Garc{\i}a, Manuel and del Campo-{\'A}vila, Jos{\'e} and Fidalgo, Ra{\'u}l and Bifet, Albert and Gavalda, R and Morales-Bueno, R},
  booktitle = {Fourth international workshop on knowledge discovery from data streams},
  title     = {Early drift detection method},
  year      = {2006},
  pages     = {77--86},
  volume    = {6},
}

@Article{Zliobaite2010,
  author  = {{\v{Z}}liobait{\.e}, Indr{\.e}},
  journal = {arXiv preprint arXiv:1010.4784},
  title   = {Learning under concept drift: an overview},
  year    = {2010},
}

@Article{Gama2014,
  author    = {Gama, Jo{\~a}o and {\v{Z}}liobait{\.e}, Indr{\.e} and Bifet, Albert and Pechenizkiy, Mykola and Bouchachia, Abdelhamid},
  journal   = {ACM computing surveys (CSUR)},
  title     = {A survey on concept drift adaptation},
  year      = {2014},
  number    = {4},
  pages     = {1--37},
  volume    = {46},
  publisher = {ACM New York, NY, USA},
}

@Article{Zliobaite2016,
  author    = {{\v{Z}}liobait{\.e}, Indr{\.e} and Pechenizkiy, Mykola and Gama, Joao},
  journal   = {Big data analysis: new algorithms for a new society},
  title     = {An overview of concept drift applications},
  year      = {2016},
  pages     = {91--114},
  publisher = {Springer},
}

@InProceedings{Maslov2016,
  author    = {Maslov, Alexandr and Pechenizkiy, Mykola and {\v{Z}}liobait{\.e}, Indr{\.e} and K\"{a}rkk\"{a}inen, Tommi},
  booktitle = {Proceedings of the 2016 SIAM International Conference on Data Mining},
  title     = {Modelling Recurrent Events for Improving Online Change Detection},
  year      = {2016},
  pages     = {549-557},
  doi       = {10.1137/1.9781611974348.62},
}

@Book{Shiryaev2007,
  author    = {Shiryaev, Albert N},
  publisher = {Springer Science \& Business Media},
  title     = {Optimal stopping rules},
  year      = {2007},
  volume    = {8},
}

@InProceedings{Maslov2017,
  author       = {Maslov, Alexandr and Pechenizkiy, Mykola and Pei, Yulong and {\v{Z}}liobait{\.e}, Indre and Shklyaev, Alexander and Karkk{\"a}inen, Tommi and Hollm{\'e}n, Jaakko},
  booktitle    = {2017 International Joint Conference on Neural Networks (IJCNN)},
  title        = {BLPA: Bayesian learn-predict-adjust method for online detection of recurrent changepoints},
  year         = {2017},
  organization = {IEEE},
  pages        = {1916--1923},
  doi          = {https://doi.org/10.1109/IJCNN.2017.7966085},
}

@Article{Bodenham2017,
  author    = {Bodenham, Dean A and Adams, Niall M},
  journal   = {Statistics and Computing},
  title     = {Continuous monitoring for changepoints in data streams using adaptive estimation},
  year      = {2017},
  number    = {5},
  pages     = {1257--1270},
  volume    = {27},
  publisher = {Springer},
}

@Article{Plasse2021,
  author    = {Plasse, Joshua and Hoeltgebaum, Henrique and Adams, Niall M},
  journal   = {Data Mining and Knowledge Discovery},
  title     = {Streaming changepoint detection for transition matrices},
  year      = {2021},
  pages     = {1--30},
  publisher = {Springer},
}

@Book{Tartakovsky2014,
  author    = {Tartakovsky, Alexander and Nikiforov, Igor and Basseville, Michele},
  publisher = {CRC Press},
  title     = {Sequential analysis: Hypothesis testing and changepoint detection},
  year      = {2014},
}

@Book{Billingsley2013,
  author    = {Billingsley, Patrick},
  publisher = {John Wiley \& Sons},
  title     = {Convergence of probability measures},
  year      = {2013},
}

@Article{Girshick1952,
  author    = {Girshick, M A and Rubin, Herman},
  journal   = {The Annals of Mathematical Statistics},
  title     = {{A Bayes Approach to a Quality Control Model}},
  year      = {1952},
  number    = {1},
  pages     = {114--125},
  volume    = {23},
  doi       = {10.1214/aoms/1177729489},
  publisher = {Institute of Mathematical Statistics},
}

@InCollection{Veeravalli2014,
  author    = {Veeravalli, Venugopal V and Banerjee, Taposh},
  booktitle = {Academic Press Library in Signal Processing},
  publisher = {Elsevier},
  title     = {Quickest change detection},
  year      = {2014},
  pages     = {209--255},
  volume    = {3},
}


@Article{Page1954,
    Title={Continuous inspection schemes},
    Author={Page, ES},
    Journal={Biometrika},
    Year={1954},
    Keywords={CUSUM, ChangeDetection},
    Timestamp={2014.02.13},
    Url={http://www.jstor.org/stable/10.2307/2333009}
}

@Article{RyanPrescottAdams2007,
  author    = {Ryan Prescott Adams, David J.C. MacKay},
  title     = {Bayesian Online Changepoint Detection},
  year      = {2007},
  address   = {Cambridge, UK},
  publisher = {University of Cambridge},
}

@Article{Murphy2007,
  author  = {Murphy, Kevin P},
  journal = {def},
  title   = {Conjugate Bayesian analysis of the Gaussian distribution},
  year    = {2007},
  number  = {2$\sigma$2},
  pages   = {16},
  volume  = {1},
}

@Article{Fink1997,
  author    = {Fink, Daniel},
  title     = {A compendium of conjugate priors},
  year      = {1997},
  volume    = {46},
  publisher = {Citeseer},
}

@Book{Christopher2016,
  author    = {Christopher, M Bishop},
  publisher = {Springer-Verlag New York},
  title     = {PATTERN RECOGNITION AND MACHINE LEARNING.},
  year      = {2016},
}

@Article{Tartakovsky2008,
  author    = {Tartakovsky, Alexander G and Veeravalli, Venugopal V},
  journal   = {Sequential Analysis},
  title     = {Asymptotically optimal quickest change detection in distributed sensor systems},
  year      = {2008},
  number    = {4},
  pages     = {441--475},
  volume    = {27},
  publisher = {Taylor \& Francis},
}

@Book{Berger2013,
  author    = {Berger, James O},
  publisher = {Springer Science \& Business Media},
  title     = {Statistical decision theory and Bayesian analysis},
  year      = {2013},
}

@article{Moustakides2004,
 ISSN = {00905364},
 URL = {http://www.jstor.org/stable/3448511},
author = {George V. Moustakides},
 journal = {The Annals of Statistics},
 number = {1},
 pages = {302--315},
 publisher = {Institute of Mathematical Statistics},
 title = {Optimality of the CUSUM Procedure in Continuous Time},
 volume = {32},
 year = {2004}
}

@Article{Unnikrishnan2011,
  author    = {Unnikrishnan, Jayakrishnan and Veeravalli, Venugopal V and Meyn, Sean P},
  journal   = {IEEE Transactions on Information Theory},
  title     = {Minimax robust quickest change detection},
  year      = {2011},
  number    = {3},
  pages     = {1604--1614},
  volume    = {57},
  publisher = {IEEE},
}

@Article{Lorden1971,
  author    = {Lorden, Gary},
  journal   = {The Annals of Mathematical Statistics},
  title     = {Procedures for reacting to a change in distribution},
  year      = {1971},
  pages     = {1897--1908},
  publisher = {JSTOR},
}

@Article{Veeravalli2001,
  author    = {Veeravalli, Venugopal V},
  journal   = {IEEE Transactions on Information theory},
  title     = {Decentralized quickest change detection},
  year      = {2001},
  number    = {4},
  pages     = {1657--1665},
  volume    = {47},
  publisher = {IEEE},
}

@Article{Datar2002,
  author    = {Datar, Mayur and Gionis, Aristides and Indyk, Piotr and Motwani, Rajeev},
  journal   = {SIAM journal on computing},
  title     = {Maintaining stream statistics over sliding windows},
  year      = {2002},
  number    = {6},
  pages     = {1794--1813},
  volume    = {31},
  publisher = {SIAM},
}

@Book{Feller2008,
  author    = {Feller, Willliam},
  publisher = {John Wiley \& Sons},
  title     = {An introduction to probability theory and its applications},
  year      = {2008},
  volume    = {2},
}

@Book{Gnedenko2017,
  author    = {Gnedenko, Boris V},
  publisher = {Routledge},
  title     = {Theory of probability},
  year      = {2017},
}

@Book{Wasserman2013,
  author    = {Wasserman, Larry},
  publisher = {Springer Science \& Business Media},
  title     = {All of statistics: a concise course in statistical inference},
  year      = {2013},
}

@Article{Nasrabadi2007,
  author    = {Nasrabadi, Nasser M},
  journal   = {Journal of electronic imaging},
  title     = {Pattern recognition and machine learning},
  year      = {2007},
  number    = {4},
  pages     = {049901},
  volume    = {16},
  publisher = {International Society for Optics and Photonics},
}

@Book{Knuth1989,
  author    = {Knuth, Donald Ervin and Larrabee, Tracy and Roberts, Paul M and Roberts, Paul M},
  publisher = {Mathematical Association of America Washington, DC},
  title     = {Mathematical writing},
  year      = {1989},
}

@Book{Strang1993,
  author    = {Strang, Gilbert and Strang, Gilbert and Strang, Gilbert and Strang, Gilbert},
  publisher = {Wellesley-Cambridge Press Wellesley, MA},
  title     = {Introduction to linear algebra},
  year      = {1993},
  volume    = {3},
}

@Article{Strang,
  author  = {Strang, Gilbert},
  journal = {Google Scholar},
  title   = {Linear algebra and its applications, Academic, New York, 1976},
  pages   = {138--143},
}

@Article{Blei2003,
  author  = {Blei, David M and Ng, Andrew Y and Jordan, Michael I},
  journal = {Journal of machine Learning research},
  title   = {Latent dirichlet allocation},
  year    = {2003},
  number  = {Jan},
  pages   = {993--1022},
  volume  = {3},
}

@Article{Rabiner1989,
  author    = {Rabiner, Lawrence R},
  journal   = {Proceedings of the IEEE},
  title     = {A tutorial on hidden Markov models and selected applications in speech recognition},
  year      = {1989},
  number    = {2},
  pages     = {257--286},
  volume    = {77},
  publisher = {Ieee},
}

@InProceedings{Guo2017,
  author       = {Guo, Jinjin and Gong, Zhiguo},
  booktitle    = {Proceedings of the 26th International Joint Conference on Artificial Intelligence},
  title        = {A Density-Based Nonparametric Model for Online Event Discovery from the Social Media Data},
  year         = {2017},
  organization = {AAAI Press},
  pages        = {1732--1738},
}

@Book{Shewhart1931a,
  author    = {Shewhart, Walter Andrew},
  publisher = {ASQ Quality Press},
  title     = {Economic control of quality of manufactured product},
  year      = {1931},
}

@Article{Shewhart1926,
  author    = {Shewhart, Walter A},
  journal   = {Bell Labs Technical Journal},
  title     = {Quality control charts},
  year      = {1926},
  number    = {4},
  pages     = {593--603},
  volume    = {5},
  publisher = {Wiley Online Library},
}

@article{Singh1989,
    author = {Ashbindu Singh},
    title = {Review Article Digital change detection techniques using remotely-sensed data},
    journal = {International Journal of Remote Sensing},
    volume = {10},
    number = {6},
    pages = {989-1003},
    year  = {1989},
    publisher = {Taylor & Francis},
    doi = {10.1080/01431168908903939},
    URL = {https://doi.org/10.1080/01431168908903939},
    eprint = {https://doi.org/10.1080/01431168908903939}
}

@Article{Luo2009,
  author    = {Luo, Yunzhao and Li, Zhonghua and Wang, Zhaojun},
  journal   = {Computational Statistics \& Data Analysis},
  title     = {Adaptive CUSUM control chart with variable sampling intervals},
  year      = {2009},
  number    = {7},
  pages     = {2693--2701},
  volume    = {53},
  publisher = {Elsevier},
}

@Book{Gama2010,
  author    = {Gama, Joao},
  publisher = {CRC Press},
  title     = {Knowledge discovery from data streams},
  year      = {2010},
}

@Article{Gama2014b,
  author    = {Gama, Jo{\~a}o and {\v{Z}}liobait{\.e}, Indr{\.e} and Bifet, Albert and Pechenizkiy, Mykola and Bouchachia, Abdelhamid},
  journal   = {ACM Computing Surveys (CSUR)},
  title     = {A survey on concept drift adaptation},
  year      = {2014},
  number    = {4},
  pages     = {44},
  volume    = {46},
  publisher = {ACM},
}

@Article{Scargle2013,
  author    = {Scargle, Jeffrey D and Norris, Jay P and Jackson, Brad and Chiang, James},
  journal   = {The Astrophysical Journal},
  title     = {Studies in astronomical time series analysis. vi. bayesian block representations},
  year      = {2013},
  number    = {2},
  pages     = {167},
  volume    = {764},
  publisher = {IOP Publishing},
}

@Book{BassevilleMichele1993,
  author    = {Basseville Michele, Nikiforov Igor V and others},
  publisher = {Prentice hall Englewood Cliffs},
  title     = {Detection of abrupt changes: theory and application},
  year      = {1993},
  volume    = {104},
}

@article{Shiryaev1961,
  author={Albert N. Shiryaev},
  title={The problem of the most rapid detection of a disturbance in a stationary process},
	publisher = {SovietMathematics—Doklady},
  year={1961},
	pages={795–799},
	volume = {2}
}

@Article{Moustakides1986,
  author    = {Moustakides, George V and others},
  journal   = {Annals of Statistics},
  title     = {Optimal stopping times for detecting changes in distributions},
  year      = {1986},
  number    = {4},
  pages     = {1379--1387},
  volume    = {14},
  publisher = {Institute of Mathematical Statistics},
}

@Article{Ritov1990,
  author    = {Ritov, Yaacov},
  journal   = {The Annals of Statistics},
  title     = {Decision theoretic optimality of the CUSUM procedure},
  year      = {1990},
  pages     = {1464--1469},
  publisher = {JSTOR},
}

@article{Shiryaev2010,
	author = {Albert N. Shiryaev},
	title = {Quickest Detection Problems: Fifty Years Later},
	journal = {Sequential Analysis},
	volume = {29},
	number = {4},
	pages = {345-385},
	year  = {2010},
	publisher = {Taylor & Francis},
	doi = {10.1080/07474946.2010.520580}
}

@InProceedings{ElSibai2018,
  author       = {El Sibai, Rayane and Chabchoub, Yousra and Chiky, Raja and Demerjian, Jacques and Barbar, Kablan},
  booktitle    = {International Symposium on Web and Wireless Geographical Information Systems},
  title        = {An in-depth analysis of CUSUM algorithm for the detection of mean and variability deviation in time series},
  year         = {2018},
  organization = {Springer},
  pages        = {25--40},
}

@Book{Siegmund2013,
  author    = {Siegmund, David},
  publisher = {Springer Science \& Business Media},
  title     = {Sequential analysis: tests and confidence intervals},
  year      = {2013},
}

@Article{Lucas2000,
  author    = {Lucas, James M and Crosier, Ronald B},
  journal   = {Technometrics},
  title     = {Fast initial response for CUSUM quality-control schemes: give your CUSUM a head start},
  year      = {2000},
  number    = {1},
  pages     = {102--107},
  volume    = {42},
  publisher = {Taylor \& Francis},
}

@Book{2012,
  title = {NIST/SEMATECH e-Handbook of Statistical Methods},
  year  = {2012},
  doi   = {https://doi.org/10.18434/M32189},
  url   = {http://www.itl.nist.gov/div898/handbook/},
}

@article{Shiryaev1963,
	author = {Shiryaev, A. N.},
	title = {On Optimum Methods in Quickest Detection Problems},
	journal = {Theory of Probability \& Its Applications},
	volume = {8},
	number = {1},
	pages = {22-46},
	year = {1963},
	doi = {10.1137/1108002},
	URL = {https://doi.org/10.1137/1108002},
	eprint = {https://doi.org/10.1137/1108002}
}

@Article{Sparks2000,
  author    = {Sparks, Ross S},
  journal   = {Journal of Quality Technology},
  title     = {CUSUM charts for signalling varying location shifts},
  year      = {2000},
  number    = {2},
  pages     = {157},
  volume    = {32},
  publisher = {American Society for Quality},
}

@InProceedings{Gilbert2001a,
  author    = {Gilbert, Anna C and Kotidis, Yannis and Muthukrishnan, S and Strauss, Martin},
  booktitle = {VLDB},
  title     = {Surfing wavelets on streams: One-pass summaries for approximate aggregate queries},
  year      = {2001},
  pages     = {79--88},
  volume    = {1},
}

@Article{Widmer,
  author  = {Widmer, Gerhard and Kubat, Miroslav},
  journal = {Machine Learning},
  title   = {Learning in the presence of concept drift and hidden contexts},
  issn    = {1573-0565},
  number  = {1},
  pages   = {69--101},
  volume  = {23},
  doi     = {10.1007/BF00116900},
}


@Article{Xie,
    Title                    = {Sequential multi-sensor change-point detection},
    Author                   = {Yao Xie and David Siegmund},
    Journal                  = {The Annals of Statistics},
    Url                      = {http://projecteuclid.org/euclid.aos/1366980561}
}

@Article{Mei2010,
  author    = {Mei, Yajun},
  journal   = {Biometrika},
  title     = {Efficient scalable schemes for monitoring a large number of data streams},
  year      = {2010},
  number    = {2},
  pages     = {419--433},
  volume    = {97},
  publisher = {Biometrika Trust},
  timestamp = {2016.04.15},
}

@Article{Alippi2008,
  author    = {Alippi, Cesare and Roveri, Manuel},
  journal   = {Neural Networks, IEEE Transactions on},
  title     = {Just-in-time adaptive classifiers-Part I: Detecting nonstationary changes},
  year      = {2008},
  number    = {7},
  pages     = {1145--1153},
  volume    = {19},
  publisher = {IEEE},
}

@Article{Alippi2008a,
  author    = {Alippi, Cesare and Roveri, Manuel},
  journal   = {Neural Networks, IEEE Transactions on},
  title     = {Just-in-time adaptive classifiers-Part II: Designing the classifier},
  year      = {2008},
  number    = {12},
  pages     = {2053--2064},
  volume    = {19},
  publisher = {IEEE},
}

@Article{Alippi2013,
  author  = {Alippi, C. and Boracchi, G. and Roveri, M.},
  journal = {Neural Networks and Learning Systems, IEEE Transactions on},
  title   = {Just-In-Time Classifiers for Recurrent Concepts},
  year    = {2013},
  issn    = {2162-237X},
  month   = {April},
  number  = {4},
  pages   = {620-634},
  volume  = {24},
  doi     = {10.1109/TNNLS.2013.2239309},
}

@InProceedings{Bifet2007c,
  author       = {Bifet, Albert and Gavalda, Ricard},
  booktitle    = {SDM},
  title        = {Learning from Time-Changing Data with Adaptive Windowing.},
  year         = {2007},
  organization = {SIAM},
  pages        = {2007},
  volume       = {7},
}

@Article{Fearnhead2003,
  author    = {Fearnhead, Paul and Clifford, Peter},
  journal   = {Journal of the Royal Statistical Society: Series B (Statistical Methodology)},
  title     = {On-line inference for hidden Markov models via particle filters},
  year      = {2003},
  number    = {4},
  pages     = {887--899},
  volume    = {65},
  publisher = {Wiley Online Library},
}

@Article{Webb,
  author = {Geoffrey I. Webb, Roy Hyde, Hong Cao, Hai Long Nguyen, Francois Petitjean},
  title  = {Characterizing Concept Drift},
  url    = {http://arxiv.org/abs/1511.03816},
}

@Article{Gama2014c,
  author     = {Gama, Jo\~{a}o and \v{Z}liobait\.{e}, Indr\.{e} and Bifet, Albert and Pechenizkiy, Mykola and Bouchachia, Abdelhamid},
  journal    = {ACM Comput. Surv.},
  title      = {A Survey on Concept Drift Adaptation},
  year       = {2014},
  issn       = {0360-0300},
  number     = {4},
  pages      = {44:1--44:37},
  volume     = {46},
  acmid      = {2523813},
  address    = {New York, NY, USA},
  articleno  = {44},
  doi        = {10.1145/2523813},
  issue_date = {April 2014},
  keywords   = {Phd-Related, Concept-Drift},
  numpages   = {37},
  publisher  = {ACM},
  url        = {http://doi.acm.org/10.1145/2523813},
}

@Article{Viswanathan1997,
  author  = {Viswanathan, R. and Varshney, P.K.},
  journal = {Proceedings of the IEEE},
  title   = {Distributed detection with multiple sensors I. Fundamentals},
  year    = {1997},
  issn    = {0018-9219},
  month   = {Jan},
  number  = {1},
  pages   = {54-63},
  volume  = {85},
  doi     = {10.1109/5.554208},
}

@Article{Blum1997,
  author  = {Blum, R.S. and Kassam, S.A. and Poor, H.V.},
  journal = {Proceedings of the IEEE},
  title   = {Distributed detection with multiple sensors II. Advanced topics},
  year    = {1997},
  issn    = {0018-9219},
  month   = {Jan},
  number  = {1},
  pages   = {64-79},
  volume  = {85},
  doi     = {10.1109/5.554209},
}

@InProceedings{Agarwal2005,
  author    = {Agarwal, Deepak},
  booktitle = {Proceedings of the Fifth IEEE International Conference on Data Mining},
  title     = {An Empirical Bayes Approach to Detect Anomalies in Dynamic Multidimensional Arrays},
  year      = {2005},
  address   = {Washington, DC, USA},
  pages     = {26--33},
  publisher = {IEEE Computer Society},
  series    = {ICDM '05},
  acmid     = {1106478},
  doi       = {10.1109/ICDM.2005.22},
  isbn      = {0-7695-2278-5},
  keywords  = {Multi-sensor, phd-Related},
  numpages  = {8},
  url       = {http://dx.doi.org/10.1109/ICDM.2005.22},
}

@InProceedings{Song2007,
  author    = {Song, Xiuyao and Wu, Mingxi and Jermaine, Christopher and Ranka, Sanjay},
  booktitle = {Proceedings of the 13th ACM SIGKDD International Conference on Knowledge Discovery and Data Mining},
  title     = {Statistical Change Detection for Multi-dimensional Data},
  year      = {2007},
  address   = {New York, NY, USA},
  pages     = {667--676},
  publisher = {ACM},
  series    = {KDD '07},
  acmid     = {1281264},
  doi       = {10.1145/1281192.1281264},
  file      = {:REFERENCES.DB\\MultiSensor\\X.Song.statistical.change.detection.for.multi-dimensional.data.pdf:PDF},
  isbn      = {978-1-59593-609-7},
  keywords  = {Change-detection, Multi-sensor, phd-Related},
  location  = {San Jose, California, USA},
  numpages  = {10},
  url       = {http://doi.acm.org/10.1145/1281192.1281264},
}

@Article{Kuncheva2013,
  author  = {Kuncheva, Ludmila I.},
  journal = {Knowledge and Data Engineering, IEEE Transactions on},
  title   = {Change Detection in Streaming Multivariate Data Using Likelihood Detectors},
  year    = {2013},
  issn    = {1041-4347},
  month   = {May},
  number  = {5},
  pages   = {1175-1180},
  volume  = {25},
  doi     = {10.1109/TKDE.2011.226},
}

@Article{Miao,
  author = {Shengfa Miao, Ugo Vespier, Joaquin Vanschoren, Arno Knobbe},
  title  = {Modeling Sensor Dependencies between Multiple Sensor Types},
  url    = {http://liacs.leidenuniv.nl/~csinfra/Benelearn2013-Miao.pdf},
}

@Article{Vespier2012,
  author    = {Ugo Vespier, Arno Knobbe, Siegfried Nijssen, Joaquin Vanschoren},
  title     = {MDL-based Identification of Relevant Temporal Scales In Time Series},
  year      = {2012},
  booktitle = {FIFTH WORKSHOP ON INFORMATION THEORETIC METHODS IN SCIENCE AND ENGINEERING},
  keywords  = {Multi-sensor},
}

@Article{Alippi2015,
  author   = {Cesare Alippi, Giacomo Boracchi, Diego Carrera, Manuel Roveri},
  journal  = {arXiv preprint arXiv:1510.04850},
  title    = {Change Detection in Multivariate Datastreams: Likelihood and Detectability Loss},
  year     = {2015},
  keywords = {Multi-sensor},
}

@Article{Wilson2010,
  author     = {Wilson, Robert C. and Nassar, Matthew R. and Gold, Joshua I.},
  journal    = {Neural Comput.},
  title      = {Bayesian Online Learning of the Hazard Rate in Change-point Problems},
  year       = {2010},
  issn       = {0899-7667},
  month      = sep,
  number     = {9},
  pages      = {2452--2476},
  volume     = {22},
  acmid      = {1865201},
  address    = {Cambridge, MA, USA},
  doi        = {10.1162/NECO_a_00007},
  issue_date = {September 2010},
  numpages   = {25},
  publisher  = {MIT Press},
}

@Article{Downey2008,
  author = {Allen B. Downey},
  title  = {A novel changepoint detection algorithm},
  year   = {2008},
  url    = {http://arxiv.org/abs/0812.1237v1},
}

@Proceedings{Brodnik2013,
  title     = {Space-Efficient Data Structures, Streams, and Algorithms - Papers in Honor of J. Ian Munro on the Occasion of His 66th Birthday},
  year      = {2013},
  editor    = {Andrej Brodnik and Alejandro L{\'{o}}pez{-}Ortiz and Venkatesh Raman and Alfredo Viola},
  isbn      = {978-3-642-40272-2},
  publisher = {Springer},
  series    = {Lecture Notes in Computer Science},
  volume    = {8066},
  doi       = {10.1007/978-3-642-40273-9},
  url       = {http://dx.doi.org/10.1007/978-3-642-40273-9},
}

@Book{Aggarwal2007,
  editor    = {Charu C. Aggarwal},
  publisher = {Springer},
  title     = {Data Streams - Models and Algorithms},
  year      = {2007},
  isbn      = {978-0-387-28759-1},
  series    = {Advances in Database Systems},
  volume    = {31},
  bibsource = {dblp computer science bibliography, http://dblp.org},
  biburl    = {http://dblp.uni-trier.de/rec/bib/series/ads/2007-31},
  doi       = {10.1007/978-0-387-47534-9},
  timestamp = {Sat, 27 Aug 2011 18:40:18 +0200},
  url       = {http://dx.doi.org/10.1007/978-0-387-47534-9},
}

@Article{Ohlsson,
  author    = {Henrik Ohlsson, Tianshi Chen, Sina Khoshfetrat Pakazad, Lennart Ljung, S. Shankar Sastry},
  title     = {Distributed Change Detection},
  timestamp = {2015.08.18},
  url       = {http://robotics.eecs.berkeley.edu/~sastry/pubs/Pdfs%20of%202012/OhlssonDistributed2012.pdf},
}

@Article{Stankovic2011,
  author  = {Stankovic, S.S. and Ilic, N. and Stankovic, M.S. and Johansson, K.H.},
  journal = {Signal Processing, IEEE Transactions on},
  title   = {Distributed Change Detection Based on a Consensus Algorithm},
  year    = {2011},
  issn    = {1053-587X},
  month   = {Dec},
  number  = {12},
  pages   = {5686-5697},
  volume  = {59},
  doi     = {10.1109/TSP.2011.2168219},
}

@Article{Dries2009,
  author     = {Dries, Anton and R\"{u}ckert, Ulrich},
  journal    = {Stat. Anal. Data Min.},
  title      = {Adaptive Concept Drift Detection},
  year       = {2009},
  issn       = {1932-1864},
  month      = dec,
  number     = {5\&dash;6},
  pages      = {311--327},
  volume     = {2},
  acmid      = {1672754},
  address    = {New York, NY, USA},
  doi        = {10.1002/sam.v2:5/6},
  issue_date = {December 2009},
  keywords   = {change detection, concept drift, data streams, hypothesis test},
  numpages   = {17},
  publisher  = {John Wiley \&amp; Sons, Inc.},
  url        = {http://dx.doi.org/10.1002/sam.v2:5/6},
}

@Article{Gama2014d,
  author     = {Gama, Jo\~{a}o and Kosina, Petr},
  journal    = {Knowl. Inf. Syst.},
  title      = {Recurrent Concepts in Data Streams Classification},
  year       = {2014},
  issn       = {0219-1377},
  month      = sep,
  number     = {3},
  pages      = {489--507},
  volume     = {40},
  acmid      = {2662881},
  address    = {New York, NY, USA},
  doi        = {10.1007/s10115-013-0654-6},
  issue_date = {September 2014},
  keywords   = {Concept drift, Data streams, Meta-learning, Recurrent concepts},
  numpages   = {19},
  publisher  = {Springer-Verlag New York, Inc.},
  url        = {http://dx.doi.org/10.1007/s10115-013-0654-6},
}

@Article{Polunchenko2011,
    Title                    = {State-of-the-Art in Sequential Change-Point Detection},
    Author                   = {Polunchenko, Aleksey S. and Tartakovsky, Alexander G.},
    Journal                  = {Methodology and Computing in Applied Probability},
    Year                     = {2011},
    Month                    = oct,
    Number                   = {3},
    Pages                    = {649--684},
    Volume                   = {14},
    Arxivid                  = {1109.2938},
    Doi                      = {10.1007/s11009-011-9256-5},
    Eprint                   = {1109.2938},
    ISSN                     = {1387-5841}
}

@Article{Chapados,
  author   = {Nicolas Chapados},
  title    = {Effective Bayesian Modeling of Groups of Related Count Time Series},
  keywords = {Bayesian, changeDetection},
}

@Article{C.E.Rasmussen2010,
  author    = {C.E. Rasmussen, Yunus Saat and Turner Ryan},
  journal   = {Proceedings of the 27th Annual International Conference on Machine Learning},
  title     = {Gaussian Process Change Point Models},
  year      = {2010},
  pages     = {927--934},
  editor    = {F\"{u}rnkranz, Johannes and Joachims, Thorsten},
  file      = {:ChangeDetection\\Gaussian.Process.Change.Point.Models.pdf:PDF},
  keywords  = {GaussianProcess, ChangeDetection, BayesianChangeDetection},
  publisher = {Citeseer},
  review    = {"... Central to the online predictor is the time since the last change point, namely run length. "},
  timestamp = {2014.02.13},
  url       = {http://citeseerx.ist.psu.edu/viewdoc/download?doi=10.1.1.170.1450\&amp;rep=rep1\&amp;type=pdf},
}

@Book{MacKay2003,
  author = {David MacKay},
  title  = {Information Theory, Inference, and Learning Algorithms},
  year   = {2003},
  url    = {http://www.inference.phy.cam.ac.uk/itila/book.html},
}

@Book{Gelman2013,
  author    = {Gelman, A. and Carlin, J.B. and Stern, H.S. and Dunson, D.B. and Vehtari, A. and Rubin, D.B.},
  publisher = {Taylor \& Francis},
  title     = {Bayesian Data Analysis, Third Edition},
  year      = {2013},
  isbn      = {9781439840955},
  series    = {Chapman \& Hall/CRC Texts in Statistical Science},
  lccn      = {2013039507},
  url       = {https://books.google.nl/books?id=ZXL6AQAAQBAJ},
}

@Book{Box,
  author    = {George E. P. Box, Gwilym M. Jenkins, Gregory C. Reinsel},
  title     = {Time Series Analysis: Forecasting and Control},
  timestamp = {2015.07.27},
}

@Book{Nau,
    Title                    = {Statistical forecasting: notes on regression and time series analysis},
    Author                   = {Robert Nau},
    Url                      = {http://people.duke.edu/~rnau/411home.htm}
}

@Article{Rabiner,
  author   = {Lawrence R. Rabiner},
  title    = {A tutorial on hidden Markov models and selected applications in speech recognition.},
  file     = {:HMM/A_Tutorial_on_Hidden _Markov_Models_and_Selected_Applications_in_Speech_Recognition.pdf:PDF},
  keywords = {HMM, Tutorial},
  url      = {http://www.cs.ubc.ca/~murphyk/Bayes/rabiner.pdf},
}

@InCollection{Leeuwen2008,
  author    = {van Leeuwen, Matthijs and Siebes, Arno},
  booktitle = {Machine Learning and Knowledge Discovery in Databases},
  publisher = {Springer Berlin Heidelberg},
  title     = {StreamKrimp: Detecting Change in Data Streams},
  year      = {2008},
  editor    = {Daelemans, Walter and Goethals, Bart and Morik, Katharina},
  isbn      = {978-3-540-87478-2},
  pages     = {672-687},
  series    = {Lecture Notes in Computer Science},
  volume    = {5211},
  doi       = {10.1007/978-3-540-87479-9_62},
}

@Article{Blei,
    Title                    = {Exponential Families},
    Author                   = {David M. Blei}
}

@InProceedings{Maslov2012,
  author    = {Alexandr Maslov and Mykola Pechenizkiy Tommi and K\"{a}rkk\"{a}inen and Matti T\"{a}htinen},
  booktitle = {Proceedings of the Sixth International Workshop on Knowledge Discovery from Sensor Data},
  title     = {Quantile index for gradual and abrupt change detection from CFB boiler sensor data in online settings},
  year      = {2012},
  address   = {New York, NY, USA},
  pages     = {25--33},
  publisher = {ACM},
  series    = {SensorKDD'12},
  acmid     = {2350185},
  doi       = {10.1145/2350182.2350185},
  isbn      = {978-1-4503-1554-8},
  location  = {Beijing, China},
  numpages  = {9},
  url       = {http://doi.acm.org/10.1145/2350182.2350185},
}

@Article{Killick2011,
  author = {Killick, R. and Eckley, I. A.},
  title  = {Changepoint: An R package for changepoint analysis},
  year   = {2011},
  url    = {http://www.lancs.ac.uk/~killick/Pub/KillickEckley2011.pdf},
}

@Misc{Nikiforov1998,
  author = {Igor V. Nikiforov and Michèle Basseville},
  title  = {{D}etection of {A}brupt {C}hanges - {T}heory and {A}pplication},
  year   = {1998},
  url    = {http://people.irisa.fr/Michele.Basseville/kniga/},
}

@Article{Gan1997,
  author  = {T.J. Gan and P.S. Glass and A. Windsor and F. Payne and C. Rosow and P. Sebel and P. Manberg},
  journal = {Anesthesiology},
  title   = {Bispectral Index Monitoring Allows Faster Emergence and Improved Recovery from Propofol, Alfentanil and Nitrous Oxide Anesthesia},
  year    = {1997},
  number  = {4},
  pages   = {808–815},
  volume  = {87},
}

@Article{Luginbuhl2002,
  author     = {Luginbuhl, Martin and Schnider, Thomas W},
  journal    = {Anesthesiology},
  title      = {Detection of awareness with the bispectral index: two case reports},
  year       = {2002},
  issn       = {0003-3022},
  month      = jan,
  note       = {{PMID:} 11753025},
  number     = {1},
  pages      = {241--243},
  volume     = {96},
  keywords   = {Adult, Aged, 80 and over, Anesthesia, Awareness, Electroencephalography, Female, Humans, Male, Mental Recall},
  shorttitle = {Detection of awareness with the bispectral index},
}

@Article{Rampil1998,
  author   = {Rampil, I J},
  journal  = {Anesthesiology},
  title    = {A primer for {EEG} signal processing in anesthesia},
  year     = {1998},
  issn     = {0003-3022},
  month    = oct,
  note     = {{PMID:} 9778016},
  number   = {4},
  pages    = {980--1002},
  volume   = {89},
  keywords = {Anesthesiology, Electroencephalography, Humans, Signal Processing, Computer-Assisted},
}

@Article{Jackson2005,
  author   = {Jackson, B. and Scargle, J.D. and Barnes, D. and Arabhi, S. and Alt, A. and Gioumousis, P. and Gwin, E. and Sangtrakulcharoen, P. and Tan, L. and Tun Tao Tsai},
  journal  = {Signal Processing Letters, IEEE},
  title    = {An algorithm for optimal partitioning of data on an interval},
  year     = {2005},
  issn     = {1070-9908},
  month    = {feb.},
  number   = {2},
  pages    = {105 - 108},
  volume   = {12},
  doi      = {10.1109/LSP.2001.838216(410) 12},
  keywords = {Algorithm design and analysis;Bayesian methods;Clustering algorithms;Iterative algorithms;Mathematics;NASA;Partitioning algorithms;Signal analysis;Signal detection;Signal processing algorithms; density measurement; pattern clustering; signal detection; statistical analysis; cluster analysis; density estimation; exact global optimum; higher dimensional data spaces; optimal data partitioning; signal detection; signal processing problems; Bayesian modeling; cluster analysis; density estimation; histograms; optimization; signal detection;},
}

@Article{Sebastiao2012,
  author    = {Sebasti{\~a}o, R. and Silva, M.M. and Rabi{\c{c}}o, R. and Gama, J. and Mendon{\c{c}}a, T.},
  journal   = {Evolving Systems},
  title     = {Real-time algorithm for changes detection in depth of anesthesia signals},
  year      = {2012},
  pages     = {1--10},
  publisher = {Springer Berlin/Heidelberg},
}

@InProceedings{Sebastiao2012a,
  author    = {Sebastiáo, R. and Silva, M.M. and Gama, J. and Mendonça, T.},
  booktitle = {Computer-Based Medical Systems (CBMS), 2012 25th International Symposium on},
  title     = {Contributions to a decision support system based on depth of anesthesia signals},
  year      = {2012},
  month     = {june},
  pages     = {1-6},
  doi       = {10.1109/CBMS.2012.6266382},
  issn      = {1063-7125},
  keywords  = {Anesthesia;Decision support systems;Detection algorithms;Drugs;Monitoring;Noise;Surgery;decision support systems;medical signal processing;signal detection;surgery;BIS records;abdominal surgery;analgesics;anesthesia signals;automatic detection;clinical practice;decision support system;hypnotics;minimally invasive diagnostics;sensor faults;therapeutic procedures;},
}

@Article{Mendez2009,
  author   = {Mendez, Juan Albino and Torres, Santiago and Reboso, JosÃ© Antonio and Reboso, HÃ©ctor},
  journal  = {Computer methods in biomechanics and biomedical engineering},
  title    = {Adaptive computer control of anesthesia in humans},
  year     = {2009},
  issn     = {1476-8259},
  month    = dec,
  note     = {{PMID:} 19408139},
  number   = {6},
  pages    = {727--734},
  volume   = {12},
  doi      = {10.1080/10255840902911528},
  keywords = {Anesthesia, Humans, Therapy, Computer-Assisted},
}

@Article{Reboso2012,
  author   = {Reboso, J A and Mendez, J A and Reboso, H J and LeÃ³n, A M},
  journal  = {Acta anaesthesiologica Scandinavica},
  title    = {Design and implementation of a closed-loop control system for infusion of propofol guided by bispectral index ({BIS)}},
  year     = {2012},
  issn     = {1399-6576},
  month    = sep,
  note     = {{PMID:} 22834710},
  number   = {8},
  pages    = {1032--1041},
  volume   = {56},
  doi      = {10.1111/j.1399-6576.2012.02738.x},
  keywords = {Abdomen, Algorithms, Anesthesia, Intravenous, Anesthetics, Clinical Alarms, Computer Simulation, Consciousness Monitors, Electroencephalography, Equipment Design, Female, Gynecologic Surgical Procedures, Humans, Infusions, Intraoperative Awareness, Male, Middle Aged, Models, Theoretical, Pilot Projects, Propofol, Software},
}

@Article{Liu2011,
  author     = {Liu, Ngai and Chazot, Thierry and Hamada, Sophie and Landais, Alain and Boichut, Nathalie and Dussaussoy, Corinne and Trillat, Bernard and Beydon, Laurent and Samain, Emmanuel and Sessler, Daniel I and Fischler, Marc},
  journal    = {Anesthesia and analgesia},
  title      = {Closed-loop coadministration of propofol and remifentanil guided by bispectral index: a randomized multicenter study},
  year       = {2011},
  issn       = {1526-7598},
  month      = mar,
  note       = {{PMID:} 21233500},
  number     = {3},
  pages      = {546--557},
  volume     = {112},
  doi        = {10.1213/ANE.0b013e318205680b},
  keywords   = {Aged, Anesthesia, Closed-Circuit, Anesthetics, Intravenous, Drug Therapy, Combination, Electroencephalography, Female, Humans, Male, Middle Aged, Monitoring, Intraoperative, Piperidines, Propofol},
  shorttitle = {Closed-loop coadministration of propofol and remifentanil guided by bispectral index},
}

@Article{Nino2009,
  author    = {Niño, J. and De Keyser, R. and Syafiie, S. and Ionescu, C. and Struys, M.},
  journal   = {International Journal of Adaptive Control and Signal Processing},
  title     = {{EPSAC-controlled} anesthesia with online gain adaptation},
  year      = {2009},
  issn      = {1099-1115},
  number    = {5},
  pages     = {455–471},
  volume    = {23},
  copyright = {Copyright © 2008 John Wiley \& Sons, Ltd.},
  doi       = {10.1002/acs.1073},
  keywords  = {Anesthesia, drug dosing control, model-based predictive control, online adaptation},
  language  = {en},
  url       = {http://onlinelibrary.wiley.com/doi/10.1002/acs.1073/abstract},
  urldate   = {2013-02-21},
}

@Article{Schnider1998,
  author   = {Schnider, T W and Minto, C F and Gambus, P L and Andresen, C and Goodale, D B and Shafer, S L and Youngs, E J},
  journal  = {Anesthesiology},
  title    = {The influence of method of administration and covariates on the pharmacokinetics of propofol in adult volunteers},
  year     = {1998},
  issn     = {0003-3022},
  month    = may,
  note     = {{PMID:} 9605675},
  number   = {5},
  pages    = {1170--1182},
  volume   = {88},
  keywords = {Adult, Aged, Aging, Anesthetics, Intravenous, Antidotes, Cross-Over Studies, Double-Blind Method, Drug Interactions, Edetic Acid, Female, Humans, Infusions, Injections, Male, Middle Aged, Propofol},
}

@Book{Camacho2007,
  author    = {Eduardo F. Camacho and Carlos Bordons},
  publisher = {Springer},
  title     = {Model Predictive Control},
  year      = {2007},
  series    = {Advanced Textbooks in Control and Signal Processing},
  keywords  = {Control, Model Predictive Control, Systems Theory},
  url       = {http://www.springer.com/engineering/control/book/978-1-85233-694-3},
  urldate   = {2013-02-21},
}

@InProceedings{Adae2011,
  author    = {Iris Adae and Micheal Berthold},
  booktitle = {Proc. of ICDM Workshops, the 2nd int. workshop on Handling Concept Drift in Adaptive Information Systems (HaCDAIS'11)},
  title     = {Unifying Change - Towards a Framework for Detecting the Unexpected},
  year      = {2011},
  pages     = {555-559},
}

@Article{Aggarwal2005,
  author  = {C. Aggarwal},
  journal = {IEEE Trans. on Knowl. and Data Eng.},
  title   = {On Change Diagnosis in Evolving Data Streams},
  year    = {2005},
  pages   = {587--600},
  volume  = {17},
  issue   = {5},
}

@Article{Saastamoinen2004,
  author  = {Jaakko Saastamoinen},
  journal = {Thermal Science},
  title   = {Modelling of Dynamics of Combustion of Biomass in Fluidized Beds},
  year    = {2004},
  number  = {2},
  pages   = {107--126},
  volume  = {8},
  ee      = {http://thermalscience.vin.bg.ac.yu/pdfs/2004-2/TS22004Cl7.pdf},
}

@InProceedings{Pechenizkiy2006,
  author    = {Mykola Pechenizkiy and Antti Tourunen and Tommi K\"{a}rkk\"{a}inen and Andriy Ivannikov and Heidi Nevalainen},
  booktitle = {Proc. Practical Data Mining ECMLPKDD Workshop},
  title     = {Towards better understanding of circulating fluidized bed boilers: a data mining approach},
  year      = {2006},
  pages     = {80--83},
}

@InProceedings{Dasu2006,
  author    = {T. Dasu and Sh. Krishnan and S. Venkatasubramanian and K. Yi},
  booktitle = {In Proc. Symp. on the Interface of Statistics, Computing Science, and Applications},
  title     = {An information-theoretic approach to detecting changes in multi-dimensional data streams},
  year      = {2006},
  owner     = {Indre},
  timestamp = {2012.01.09},
}

@InProceedings{Kifer2004,
  author    = {D. Kifer and Sh. Ben-David and J. Gehrke},
  booktitle = {Proc. of the 13th int. conf. on Very large data bases (VLDB'04)},
  title     = {Detecting change in data streams},
  year      = {2004},
  pages     = {180--191},
  owner     = {Indre},
  timestamp = {2012.01.09},
}

@InProceedings{Bakker2009,
  author    = {Jorn Bakker and Mykola Pechenizkiy and Indre Zliobaite and Andriy Ivannikov and Tommi K\"{a}rkk\"{a}inen},
  booktitle = {Proc. of 3rd Int. Workshop on Knowledge Discovery from Sensor Data (SensorKDD'09)},
  title     = {Handling Outliers and Concept Drift in Online Mass Flow Prediction in {CFB} boilers},
  year      = {2009},
  pages     = {13--22},
  publisher = {ACM Press},
  doi       = {http://doi.acm.org/10.1145/1601966.1601972},
  pdf       = {http://www.win.tue.nl/~mpechen/publications/pubs/BakkerSensorsKDD09.pdf},
}

@Article{Pechenizkiy2009,
  author  = {M. Pechenizkiy and J. Bakker and I. Zliobaite and A. Ivannikov and T. K\"{a}rkk\"{a}inen},
  journal = {SIGKDD Explorations},
  title   = {Online {M}ass {F}low {P}rediction in {CFB} {B}oilers with {E}xplicit {D}etection of {S}udden {C}oncept {D}rift},
  year    = {2009},
  number  = {2},
  pages   = {109-116},
  volume  = {11},
  doi     = {http://www.sigkdd.org/explorations/issue.php?volume=11\&issue=2\&year=2009\&month=12},
  pdf     = {http://www.win.tue.nl/~mpechen/publications/pubs/PechenizkiySIGKDDExpl09.pdf},
}

@Misc{Nikiforov1998a,
  author = {Igor V. Nikiforov and Mich�le Basseville},
  title  = {{D}etection of {A}brupt {C}hanges - {T}heory and {A}pplication},
  year   = {1998},
  url    = {http://people.irisa.fr/Michele.Basseville/kniga/},
}

@Article{Kawahara2009,
  author    = {Kawahara and Yoshinobu},
  journal   = {Direct},
  title     = {{C}hange-{P}oint {D}etection in {T}ime-{S}eries {D}ata by {D}irect {D}ensity-{R}atio {E}stimation},
  year      = {2009},
  number    = {2},
  pages     = {389--400},
  volume    = {4},
  publisher = {SIAM},
  url       = {http://www.siam.org/proceedings/datamining/2009/dm09_038_kawaharay.pdf},
}

@Article{JunichiTakeuchiandKenjiYamanishi,
  author   = {Jun\{-} # ichi #Takeuchi #and #Kenji #Yamanishi,
  added-at = {2011-11-02T00:00:00.000+0100},
}
,
  biburl = {http://www.bibsonomy.org/bibtex/2eb8758d71e8c67c0eb65c7294ded408f/dblp},
  ee = {http://doi.ieeecomputersociety.org/10.1109/TKDE.2006.1599387},
  interhash = {f54072f8329a343bff6b89ccda28a63f},
  intrahash = {eb8758d71e8c67c0eb65c7294ded408f},
  journal = {IEEE Trans. Knowl. Data Eng.},
  keywords = {dblp},
  number = 4,
  pages = {482-492},
  timestamp = {2011-11-02T00:00:00.000+0100},
  title ={{A} {U}nifying {F}ramework for {D}etecting {O}utliers and {C}hange {P}oints from {T}ime {S}eries.},
  url = {http://dblp.uni-trier.de/db/journals/tkde/tkde18.html#TakeuchiY06},
  volume = 18,
  year = 2006
}

@Article{Geyer2003,
  author = {Charles J. Geyer},
  title  = {{M}aximum {L}ikelihood in {R}},
  year   = {2003},
}

@Misc{2012http//www.itl.nist.gov/div898/handbook/,
  title = {{NIST}/{SEMATECH} e-{H}andbook of {S}tatistical {M}ethods},
  year  = {2012, {http://www.itl.nist.gov/div898/handbook/}},
  url   = {http://www.itl.nist.gov/div898/handbook/},
}

@Article{Scrucca2004,
  author  = {Luca Scrucca},
  journal = {R News},
  title   = {qcc: an {R} package for quality control charting and statistical process control},
  year    = {2004},
  pages   = {11--17},
  volume  = {4/1},
  url     = {http://CRAN.R-project.org/doc/Rnews/},
}

@Article{KillickAugust142011,
  author  = {R. Killick and I.A. Eckley},
  journal = {Annals of Math. Statistics},
  title   = {changepoint: {A}n {R} package for changepoint analysis.},
  year    = {August 14, 2011},
  ee      = {http://www.lancs.ac.uk/~killick/Pub/KillickEckley2011.pdf},
}

@Article{KavidassSeptember202000,
  author = {S. Kavidass and G.L. Anderson and G.S. Norton},
  title  = {Why {B}uild a {C}irculating {F}luidized {B}ed {B}oiler to {G}enerate {S}team and {E}lectric {P}ower},
  year   = {September 20, 2000},
  ee     = {http://www.babcock.com/library/pdf/BR-1708.pdf},
}

@Article{Ommen2011,
  author   = {J. Ruud van Ommen and Srdjan Sasic and John van der Schaaf and Stefan Gheorghiu and Filip Johnsson and Marc-Olivier Coppens},
  journal  = {{I}nternational {J}ournal of {M}ultiphase {F}low},
  title    = {Time-series analysis of pressure fluctuations in gas-solid fluidized beds - {A} review},
  year     = {2011},
  issn     = {0301-9322},
  number   = {5},
  pages    = {403 - 428},
  volume   = {37},
  doi      = {10.1016/j.ijmultiphaseflow.2010.12.007},
  keywords = {Fluidization, Pressure measurements, Signal analysis, Statistics, Spectral analysis, Chaos analysis},
  url      = {http://www.sciencedirect.com/science/article/pii/S0301932210002028},
}

@Manual{RDCT2012,
  title        = {R: A Language and Environment for Statistical Computing},
  address      = {Vienna, Austria},
  author       = {{R Development Core Team}},
  note         = {{ISBN} 3-900051-07-0},
  organization = {R Foundation for Statistical Computing},
  year         = {2012},
  url          = {http://www.R-project.org/},
}

@Article{Miller1980,
  author    = {Miller, Robert B},
  journal   = {Technometrics},
  title     = {Bayesian analysis of the two-parameter gamma distribution},
  year      = {1980},
  number    = {1},
  pages     = {65--69},
  volume    = {22},
  publisher = {Taylor \& Francis},
}

@Article{Leemis2008,
  author    = {Leemis, Lawrence M and McQueston, Jacquelyn T},
  journal   = {The American Statistician},
  title     = {Univariate distribution relationships},
  year      = {2008},
  number    = {1},
  pages     = {45--53},
  volume    = {62},
  publisher = {Taylor \& Francis},
}

@Book{Cox1962,
  author    = {Cox, David Roxbee},
  publisher = {Methuen},
  title     = {Renewal theory},
  year      = {1962},
  volume    = {58},
}

@Misc{Weisstein,
  author = {Weisstein, Eric W.},
  note   = {Last visited on 01/12/2016},
  title  = {Normal Sum Distribution. {From MathWorld---A Wolfram Web Resource}},
}

@InProceedings{Saatci2010,
  author    = {Saat{\c{c}}i, Yunus and Turner, Ryan D and Rasmussen, Carl E},
  booktitle = {Proceedings of the 27th International Conference on Machine Learning (ICML-10)},
  title     = {Gaussian process change point models},
  year      = {2010},
  pages     = {927--934},
}


% Bayesian Modeling and Inference Lecture Notes.

@Article{Jordan,
  author = {Michael I. Jordan},
  title  = {Chapter 9. The exponential family: Conjugate priors},
}

@Article{ReyesOrtiz2016,
  author    = {Reyes-Ortiz, Jorge-L and Oneto, Luca and Sam{\`a}, Albert and Parra, Xavier and Anguita, Davide},
  journal   = {Neurocomputing},
  title     = {Transition-aware human activity recognition using smartphones},
  year      = {2016},
  pages     = {754--767},
  volume    = {171},
  publisher = {Elsevier},
}

@Article{Jordan2010,
  author  = {Jordan, MI},
  journal = {Lecture notes on Stat260: Bayesian Modeling and Inference},
  title   = {The conjugate prior for the normal distribution},
  year    = {2010},
}

@Book{Jordana,
  author = {Michael I. Jordan},
  title  = {Chapter 8: The exponential family: Basics},
}

@InProceedings{Huang,
  author    = {Huang, D.T.J. and Yun Sing Koh and Dobbie, G. and Pears, R.},
  booktitle = {ICDM'2014},
  title     = {Detecting Volatility Shift in Data Streams},
  pages     = {863-868},
}

@Article{Bromiley2003,
  author  = {Bromiley, PA},
  journal = {Tina-Vision Memo},
  title   = {Products and convolutions of Gaussian probability density functions},
  year    = {2003},
  volume  = {3},
}

@Article{Treiber2000,
  author    = {Treiber, Martin and Hennecke, Ansgar and Helbing, Dirk},
  journal   = {Phys. Rev. E},
  title     = {Congested traffic states in empirical observations and microscopic simulations},
  year      = {2000},
  month     = {Aug},
  pages     = {1805--1824},
  volume    = {62},
  doi       = {10.1103/PhysRevE.62.1805},
  issue     = {2},
  numpages  = {0},
  publisher = {American Physical Society},
  url       = {http://link.aps.org/doi/10.1103/PhysRevE.62.1805},
}

@Article{Rodrigues2008,
  author    = {Pedro Pereira Rodrigues and Jo{\~{a}}o Gama and Jo{\~{a}}o Pedro Pedroso},
  journal   = {{IEEE} Trans. Knowl. Data Eng.},
  title     = {Hierarchical Clustering of Time-Series Data Streams},
  year      = {2008},
  number    = {5},
  pages     = {615--627},
  volume    = {20},
  bibsource = {dblp computer science bibliography, http://dblp.org},
  biburl    = {http://dblp.uni-trier.de/rec/bib/journals/tkde/RodriguesGP08},
  doi       = {10.1109/TKDE.2007.190727},
  timestamp = {Thu, 03 Nov 2011 13:55:23 +0100},
  url       = {http://dx.doi.org/10.1109/TKDE.2007.190727},
}

@Article{Gomes2014,
  author    = {Jo{\~{a}}o B{\'{a}}rtolo Gomes and Mohamed Medhat Gaber and Pedro A. C. Sousa and Ernestina Menasalvas Ruiz},
  journal   = {{IEEE} Trans. Neural Netw. Learning Syst.},
  title     = {Mining Recurring Concepts in a Dynamic Feature Space},
  year      = {2014},
  number    = {1},
  pages     = {95--110},
  volume    = {25},
  bibsource = {dblp computer science bibliography, http://dblp.org},
  biburl    = {http://dblp.uni-trier.de/rec/bib/journals/tnn/GomesGSR14},
  doi       = {10.1109/TNNLS.2013.2271915},
  timestamp = {Sun, 09 Feb 2014 19:23:48 +0100},
}

@InProceedings{Gama,
  author    = {Joao Gama and Petr Kosina},
  booktitle = {Proc. of IDA'11},
  title     = {Learning about the Learning Process},
  pages     = {162--172},
}

@Article{MorenoTorres2012,
  author  = {Moreno-Torres, J. G. and Raeder, T. and Alaiz-Rodr\'{\i}Guez, R. and Chawla, N. V. and Herrera, F.},
  journal = {Pattern Recogn.},
  title   = {A Unifying View on Dataset Shift in Classification},
  year    = {2012},
  number  = {1},
  pages   = {521--530},
  volume  = {45},
}

@Article{Widmer1996,
  author  = {Widmer, G. and Kubat, M.},
  journal = {Mach. Learn.},
  title   = {Learning in the Presence of Concept Drift and Hidden Contexts},
  year    = {1996},
  number  = {1},
  pages   = {69--101},
  volume  = {23},
}

@Article{Pechenizkiy2009a,
  author  = {Pechenizkiy, M. and Bakker, J. and Zliobaite, I. and Ivannikov, A. and Karkkainen, T.},
  journal = {SIGKDD Explorations},
  title   = {Online Mass Flow Prediction in {CFB} Boilers with Explicit Detection of Sudden Concept Drift},
  year    = {2009},
  number  = {2},
  pages   = {109-116},
  volume  = {11},
}

@Article{Gama2014a,
  author  = {J. Gama and I. Zliobaite and A. Bifet and M. Pechenizkiy and A. Bouchachia},
  journal = {ACM Computing Surveys},
  title   = {A Survey on Concept Drift Adaptation},
  year    = {2014},
  number  = {4},
  pages   = {44:1--44:37},
  volume  = {46},
}

@InProceedings{Zliobaite,
  author    = {Indre Zliobaite},
  booktitle = {ICDM 2010 Workshops},
  title     = {Change with Delayed Labeling: When is it Detectable?},
  pages     = {843--850},
}

@Article{Forney,
  author = {G. David Forney},
  title  = {The Viterbi Algorithm},
}

@InProceedings{Gama2009,
  author    = {Jo{\~a}o Gama and Petr Kosina},
  booktitle = {EPIA},
  title     = {Tracking Recurring Concepts with Meta-learners},
  year      = {2009},
  pages     = {423-434},
}

@Proceedings{Lopes2009,
  title     = {Progress in Artificial Intelligence, 14th Portuguese Conference on Artificial Intelligence, EPIA 2009, Aveiro, Portugal, October 12-15, 2009. Proceedings},
  year      = {2009},
  editor    = {Lu\'{\i}s Seabra Lopes and Nuno Lau and Pedro Mariano and Lu\'{\i}s Mateus Rocha},
  isbn      = {978-3-642-04685-8},
  publisher = {Springer},
  series    = {Lecture Notes in Computer Science},
  volume    = {5816},
  bibsource = {DBLP, http://dblp.uni-trier.de},
  booktitle = {EPIA},
  ee        = {http://dx.doi.org/10.1007/978-3-642-04686-5},
}

@InProceedings{Keogh2001,
  author    = {Keogh, Eamonn J. and Chu, Selina and Hart, David and Pazzani, Michael J.},
  booktitle = {Proceedings of the 2001 IEEE International Conference on Data Mining},
  title     = {An Online Algorithm for Segmenting Time Series},
  year      = {2001},
  address   = {Washington, DC, USA},
  pages     = {289--296},
  publisher = {IEEE Computer Society},
  series    = {ICDM '01},
  acmid     = {657889},
  isbn      = {0-7695-1119-8},
  numpages  = {8},
  url       = {http://dl.acm.org/citation.cfm?id=645496.657889},
}

@Misc{Nikiforov1993,
  author = {Nikiforov, Igor V. and Basseville, Michele},
  title  = {{Detection of Abrupt Changes}},
  year   = {1993},
}

@article{Banerjee2011,
author = {Banerjee, T and Veeravalli, VV},
journal = {Information Theory and \ldots},
title = {{Bayesian quickest change detection under energy constraints}},
year = {2011}
}

@Article{Wilson2010a,
  author   = {Wilson, Robert C and Nassar, Matthew R and Gold, Joshua I},
  journal  = {Neural computation},
  title    = {Bayesian online learning of the hazard rate in change-point problems},
  year     = {2010},
  number   = {9},
  pages    = {2452--2476},
  volume   = {22},
  keywords = {BournemouthPaper, BayesianChangeDetection},
  school   = {Department of Psychology, Princeton University, Princeton, NJ 08540, USA. rcw2@princeton.edu},
}


@article{BarryDainiel1993,
author = {{Barry, Dainiel}, J. A. Hartigan},
journal = {Journal of the American Statistical Association},
number = {421},
title = {{A Bayesian Analysis for Change Point Problems}},
volume = {88},
year = {1993}
}

@Article{AlexanderG.Tartakovsky2010,
  author   = {{Alexander G. Tartakovsky}, George V. Moustakides},
  title    = {State-of-the-Art in Bayesian Changepoint Detection},
  year     = {2010},
  doi      = {10.1080/07474941003740997},
  keywords = {Bayesian change detection, Change detection},
  url      = {http://www.ssp.ece.upatras.gr/moustakides/downloads/journals/seq2010\_1.pdf},
}

@Book{Basseville1993,
  author    = {Basseville, Mich{\`e}le and Nikiforov, Igor V and others},
  publisher = {Prentice Hall Englewood Cliffs},
  title     = {Detection of abrupt changes: theory and application},
  year      = {1993},
  volume    = {104},
}

@Misc{Nikiforov1993a,
  author = {Nikiforov, Igor V. and Basseville, Michele},
  title  = {{Detection of Abrupt Changes}},
  year   = {1993},
}

@Booklet{Adams2007a,
  title     = {Bayesian Online Changepoint Detection},
  address   = {Cambridge, UK},
  author    = {Ryan Prescott Adams and David J.C. MacKay},
  year      = {2007},
  file      = {:ChangeDetection/Bayesian Online Changepoint Detection.pdf:PDF},
  keywords  = {ChangeDetection, BayesianChangeDetection},
  publisher = {University of Cambridge},
}

@Comment{jabref-meta: databaseType:bibtex;}
