@inproceedings{maslov2012quantile,
  title={Quantile index for gradual and abrupt change detection from cfb boiler sensor data in online settings},
  author={Maslov, Alexandr and Pechenizkiy, Mykola and K{\"a}rkk{\"a}inen, Tommi and T{\"a}htinen, Matti},
  booktitle={Proceedings of the Sixth International Workshop on Knowledge Discovery from Sensor Data},
  pages={25--33},
  year={2012}
}

@inproceedings{marrero2013aclac,
  title={ACLAC: An approach for adaptive closed-loop anesthesia control},
  author={Marrero, Ayoze and Mendez, Juan A and Maslov, Alexandr V and Pechenizkiy, Mykola},
  booktitle={Proceedings of the 26th IEEE International Symposium on Computer-Based Medical Systems},
  pages={285--290},
  year={2013},
  organization={IEEE}
}

@inproceedings{kurniawan2013stress,
  title={Stress detection from speech and galvanic skin response signals},
  author={Kurniawan, Hindra and Maslov, Alexandr V and Pechenizkiy, Mykola},
  booktitle={Proceedings of the 26th IEEE International Symposium on Computer-Based Medical Systems},
  pages={209--214},
  year={2013},
  organization={IEEE}
}

@inproceedings{karkkainen2014region,
  title={Region of interest detection using MLP.},
  author={K{\"a}rkk{\"a}inen, Tommi and Maslov, Alexandr V and Wartiainen, Pekka},
  booktitle={ESANN},
  year={2014}
}

@inproceedings{maslov2016dobro,
  title={DOBRO: a prediction error correcting robot under drifts},
  author={Maslov, Alexandr and Lam, Hoang Thanh and Pechenizkiy, Mykola and Bouillet, Eric and K{\"a}rkk{\"a}inen, Tommi},
  booktitle={Proceedings of the 31st Annual ACM Symposium on Applied Computing},
  pages={945--948},
  year={2016}
}

@inproceedings{maslov2016modelling,
  title={Modelling recurrent events for improving online change detection},
  author={Maslov, Alexandr and Pechenizkiy, Mykola and {\v{Z}}liobait{\.e}, Indre{\.e} and K{\"a}rkk{\"a}inen, Tommi},
  booktitle={Proceedings of the 2016 SIAM International Conference on Data Mining},
  pages={549--557},
  year={2016},
  organization={Society for Industrial and Applied Mathematics}
}

@inproceedings{maslov2017blpa,
  title={BLPA: Bayesian learn-predict-adjust method for online detection of recurrent changepoints},
  author={Maslov, Alexandr and Pechenizkiy, Mykola and Pei, Yulong and {\v{Z}}liobait{\.e}, Indre and Shklyaev, Alexander and Karkk{\"a}inen, Tommi and Hollm{\'e}n, Jaakko},
  booktitle={2017 International Joint Conference on Neural Networks (IJCNN)},
  pages={1916--1923},
  year={2017},
  organization={IEEE}
}
