@inproceedings{Maslov_QI,
 author = {Alexandr Maslov  and Mykola Pechenizkiy Tommi and K\"{a}rkk\"{a}inen and Matti T\"{a}htinen},
 title = {Quantile index for gradual and abrupt change detection from CFB boiler sensor data in online settings},
 booktitle = {Proceedings of the Sixth International Workshop on Knowledge Discovery from Sensor Data},
 series = {SensorKDD'12},
 year = {2012},
 isbn = {978-1-4503-1554-8},
 location = {Beijing, China},
 pages = {25--33},
 numpages = {9},
 url = {http://doi.acm.org/10.1145/2350182.2350185},
 doi = {10.1145/2350182.2350185},
 acmid = {2350185},
 publisher = {ACM},
 address = {New York, NY, USA},
}

@inproceedings{adwin07,
  author    = {Albert Bifet and
               Ricard Gavald{\`a}},
  title     = {Learning from Time-Changing Data with Adaptive Windowing},
  booktitle = {Proc. of the 7th SIAM Int. Conference on Data Mining, SDM'07},
  year      = {2007},
  ee        = {http://www.siam.org/meetings/proceedings/2007/datamining/papers/042Bifet.pdf},
  crossref  = {DBLP:conf/sdm/2007},
  bibsource = {DBLP, http://dblp.uni-trier.de}
}

@article{KillickOptimalDetection,
author = {Killick, R. and Fearnhead, P. and Eckley, I. A.},
title = {Optimal Detection of Changepoints With a Linear Computational Cost},
journal = {Journal of the American Statistical Association},
volume = {107},
number = {500},
pages = {1590-1598},
year = {2012},
doi = {10.1080/01621459.2012.737745},

URL = {http://www.tandfonline.com/doi/abs/10.1080/01621459.2012.737745},
eprint = {http://www.tandfonline.com/doi/pdf/10.1080/01621459.2012.737745}
}

@article{KillickRpackage,
author = {Killick, R. and Eckley, I. A.},
title = {Changepoint: An R package for changepoint analysis},
year={2011},
URL={http://www.lancs.ac.uk/~killick/Pub/KillickEckley2011.pdf}
}

@misc{Nikiforov,
      author = "Igor V. Nikiforov and Michèle Basseville",
      title  = "{D}etection of {A}brupt {C}hanges - {T}heory and {A}pplication",
      year   = "1998",
      url    = {http://people.irisa.fr/Michele.Basseville/kniga/}
}

@article{bis,
author = {T.J. Gan and P.S. Glass and A. Windsor and F. Payne and C. Rosow and P. Sebel and P. Manberg },
title = {Bispectral Index Monitoring Allows Faster Emergence and Improved Recovery from Propofol, Alfentanil and Nitrous Oxide Anesthesia},
journal = {Anesthesiology},
volume={87},
number={4},
pages={808–815},
year={1997}
}

@article{luginbuhl,
	title = {Detection of awareness with the bispectral index: two case reports},
	volume = {96},
	issn = {0003-3022},
	shorttitle = {Detection of awareness with the bispectral index},
	number = {1},
	journal = {Anesthesiology},
	author = {Luginbuhl, Martin and Schnider, Thomas W},
	month = jan,
	year = {2002},
	note = {{PMID:} 11753025},
	keywords = {Adult, Aged, Aged, 80 and over, Anesthesia, Awareness, Electroencephalography, Female, Humans, Male, Mental Recall},
	pages = {241--243}
}

@article{rampil,
	title = {A primer for {EEG} signal processing in anesthesia},
	volume = {89},
	issn = {0003-3022},
	number = {4},
	journal = {Anesthesiology},
	author = {Rampil, I J},
	month = oct,
	year = {1998},
	note = {{PMID:} 9778016},
	keywords = {Anesthesiology, Electroencephalography, Humans, Signal Processing, Computer-Assisted},
	pages = {980--1002}
}

@ARTICLE{Barnes,
author={Jackson, B. and Scargle, J.D. and Barnes, D. and Arabhi, S. and Alt, A. and Gioumousis, P. and Gwin, E. and Sangtrakulcharoen, P. and Tan, L. and Tun Tao Tsai},
journal={Signal Processing Letters, IEEE}, title={An algorithm for optimal partitioning of data on an interval},
year={2005},
month={feb.},
volume={12},
number={2},
pages={105 - 108},
keywords={Algorithm design and analysis;Bayesian methods;Clustering
                  algorithms;Iterative
                  algorithms;Mathematics;NASA;Partitioning
                  algorithms;Signal analysis;Signal detection;Signal
                  processing algorithms; density measurement; pattern
                  clustering; signal detection; statistical analysis;
                  cluster analysis; density estimation; exact global
                  optimum; higher dimensional data spaces; optimal
                  data partitioning; signal detection; signal
                  processing problems; Bayesian modeling; cluster
                  analysis; density estimation; histograms;
                  optimization; signal detection;},
doi={10.1109/LSP.2001.838216(410) 12},
ISSN={1070-9908},}

@ARTICLE{Cusum,
  author = {E. S. Page},
  title = {Continuous inspection schemes},
  journal = {Biometrika},
  year = {1954},
  volume = {41},
  pages = {100--115},
  number = {1/2},
}

@article{GamaRealTimeAlg,
  title={Real-time algorithm for changes detection in depth of anesthesia signals},
  author={Sebasti{\~a}o, R. and Silva, M.M. and Rabi{\c{c}}o, R. and Gama, J. and Mendon{\c{c}}a, T.},
  journal={Evolving Systems},
  pages={1--10},
  year={2012},
  publisher={Springer Berlin/Heidelberg}
}

@INPROCEEDINGS{GamaDecisionSupportSystems,
author={Sebastiáo, R. and Silva, M.M. and Gama, J. and Mendonça, T.},
booktitle={Computer-Based Medical Systems (CBMS), 2012 25th International Symposium on},
title={Contributions to a decision support system based on depth of anesthesia signals},
year={2012},
month={june},
pages={1-6},
keywords={Anesthesia;Decision support systems;Detection algorithms;Drugs;Monitoring;Noise;Surgery;decision support systems;medical signal processing;signal detection;surgery;BIS records;abdominal surgery;analgesics;anesthesia signals;automatic detection;clinical practice;decision support system;hypnotics;minimally invasive diagnostics;sensor faults;therapeutic procedures;},
doi={10.1109/CBMS.2012.6266382},
ISSN={1063-7125},}

@article{mendez_adaptive_2009,
	title = {Adaptive computer control of anesthesia in humans},
	volume = {12},
	issn = {1476-8259},
	doi = {10.1080/10255840902911528},
	number = {6},
	journal = {Computer methods in biomechanics and biomedical engineering},
	author = {Mendez, Juan Albino and Torres, Santiago and Reboso, JosÃ© Antonio and Reboso, HÃ©ctor},
	month = dec,
	year = {2009},
	note = {{PMID:} 19408139},
	keywords = {Anesthesia, Humans, Therapy, Computer-Assisted},
	pages = {727--734}
}


@article{reboso_design_2012,
	title = {Design and implementation of a closed-loop control system for infusion of propofol guided by bispectral index ({BIS)}},
	volume = {56},
	issn = {1399-6576},
	doi = {10.1111/j.1399-6576.2012.02738.x},
	number = {8},
	journal = {Acta anaesthesiologica Scandinavica},
	author = {Reboso, J A and Mendez, J A and Reboso, H J and LeÃ³n, A M},
	month = sep,
	year = {2012},
	note = {{PMID:} 22834710},
	keywords = {Abdomen, Algorithms, Anesthesia, Intravenous,
                  Anesthetics, Intravenous, Clinical Alarms, Computer
                  Simulation, Consciousness Monitors,
                  Electroencephalography, Equipment Design, Female,
                  Gynecologic Surgical Procedures, Humans, Infusions,
                  Intravenous, Intraoperative Awareness, Male, Middle
                  Aged, Models, Theoretical, Pilot Projects, Propofol,
                  Software},
	pages = {1032--1041}
}


@article{liu_closed_loop_2011,
	title = {Closed-loop coadministration of propofol and remifentanil guided by bispectral index: a randomized multicenter study},
	volume = {112},
	issn = {1526-7598},
	shorttitle = {Closed-loop coadministration of propofol and remifentanil guided by bispectral index},
	doi = {10.1213/ANE.0b013e318205680b},
	number = {3},
	journal = {Anesthesia and analgesia},
	author = {Liu, Ngai and Chazot, Thierry and Hamada, Sophie and Landais, Alain and Boichut, Nathalie and Dussaussoy, Corinne and Trillat, Bernard and Beydon, Laurent and Samain, Emmanuel and Sessler, Daniel I and Fischler, Marc},
	month = mar,
	year = {2011},
	note = {{PMID:} 21233500},
	keywords = {Aged, Anesthesia, Closed-Circuit, Anesthetics, Intravenous, Drug Therapy, Combination, Electroencephalography, Female, Humans, Male, Middle Aged, Monitoring, Intraoperative, Piperidines, Propofol},
	pages = {546--557}
}


@article{nino_epsac_controlled_2009,
	title = {{EPSAC-controlled} anesthesia with online gain adaptation},
	volume = {23},
	copyright = {Copyright © 2008 John Wiley \& Sons, Ltd.},
	issn = {1099-1115},
	url = {http://onlinelibrary.wiley.com/doi/10.1002/acs.1073/abstract},
	doi = {10.1002/acs.1073},
	language = {en},
	number = {5},
	urldate = {2013-02-21},
	journal = {International Journal of Adaptive Control and Signal Processing},
	author = {Niño, J. and De Keyser, R. and Syafiie, S. and Ionescu, C. and Struys, M.},
	year = {2009},
	keywords = {Anesthesia, drug dosing control, model-based predictive control, online adaptation},
	pages = {455–471}
}


@article{schnider_influence_1998,
	title = {The influence of method of administration and covariates on the pharmacokinetics of propofol in adult volunteers},
	volume = {88},
	issn = {0003-3022},
	number = {5},
	journal = {Anesthesiology},
	author = {Schnider, T W and Minto, C F and Gambus, P L and Andresen, C and Goodale, D B and Shafer, S L and Youngs, E J},
	month = may,
	year = {1998},
	note = {{PMID:} 9605675},
	keywords = {Adult, Aged, Aging, Anesthetics, Intravenous, Antidotes, Cross-Over Studies, Double-Blind Method, Drug Interactions, Edetic Acid, Female, Humans, Infusions, Intravenous, Injections, Intravenous, Male, Middle Aged, Propofol},
	pages = {1170--1182}
}

@book{Bordons,
	title = {Model Predictive Control},
        author={Eduardo F. Camacho and Carlos Bordons},
        year={2007},
        publisher={Springer},
        series={Advanced Textbooks in Control and Signal Processing},
	url = {http://www.springer.com/engineering/control/book/978-1-85233-694-3},
	urldate = {2013-02-21},
	keywords = {Control, Model Predictive Control, Systems Theory}
}
