@INPROCEEDINGS{huang2014detecting,
	author={Huang, D.T.J. and Yun Sing Koh and Dobbie, G. and Pears, R.},
	booktitle={ICDM'2014},
	title={Detecting Volatility Shift in Data Streams},
	pages={863-868},
}

@Article{bromiley2003products,
  Title                    = {Products and convolutions of Gaussian probability density functions},
  Author                   = {Bromiley, PA},
  Journal                  = {Tina-Vision Memo},
  Year                     = {2003},
  Volume                   = {3}
}

@article{TrafficStates,
  title = {Congested traffic states in empirical observations and microscopic simulations},
  author = {Treiber, Martin and Hennecke, Ansgar and Helbing, Dirk},
  journal = {Phys. Rev. E},
  volume = {62},
  issue = {2},
  pages = {1805--1824},
  numpages = {0},
  year = {2000},
  month = {Aug},
  publisher = {American Physical Society},
  doi = {10.1103/PhysRevE.62.1805},
  url = {http://link.aps.org/doi/10.1103/PhysRevE.62.1805}
}

@article{DBLP:journals/tkde/RodriguesGP08,
  author    = {Pedro Pereira Rodrigues and
               Jo{\~{a}}o Gama and
               Jo{\~{a}}o Pedro Pedroso},
  title     = {Hierarchical Clustering of Time-Series Data Streams},
  journal   = {{IEEE} Trans. Knowl. Data Eng.},
  volume    = {20},
  number    = {5},
  pages     = {615--627},
  year      = {2008},
  url       = {http://dx.doi.org/10.1109/TKDE.2007.190727},
  doi       = {10.1109/TKDE.2007.190727},
  timestamp = {Thu, 03 Nov 2011 13:55:23 +0100},
  biburl    = {http://dblp.uni-trier.de/rec/bib/journals/tkde/RodriguesGP08},
  bibsource = {dblp computer science bibliography, http://dblp.org}
}

@article{DBLP:journals/tnn/GomesGSR14,
  author    = {Jo{\~{a}}o B{\'{a}}rtolo Gomes and
               Mohamed Medhat Gaber and
               Pedro A. C. Sousa and
               Ernestina Menasalvas Ruiz},
  title     = {Mining Recurring Concepts in a Dynamic Feature Space},
  journal   = {{IEEE} Trans. Neural Netw. Learning Syst.},
  volume    = {25},
  number    = {1},
  pages     = {95--110},
  year      = {2014},
  doi       = {10.1109/TNNLS.2013.2271915},
  timestamp = {Sun, 09 Feb 2014 19:23:48 +0100},
  biburl    = {http://dblp.uni-trier.de/rec/bib/journals/tnn/GomesGSR14},
  bibsource = {dblp computer science bibliography, http://dblp.org}
}

@article{DBLP:journals/ida/GomesSR12,
  author    = {Jo{\~{a}}o B{\'{a}}rtolo Gomes and
               Pedro A. C. Sousa and
               Ernestina Menasalvas Ruiz},
  title     = {Tracking recurrent concepts using context},
  journal   = {Intell. Data Anal.},
  volume    = {16},
  number    = {5},
  pages     = {803--825},
}

@INPROCEEDINGS{GamaK11,
  author = {Joao Gama and Petr Kosina},
  title = {Learning about the Learning Process},
  booktitle = {Proc. of IDA'11},
  pages = {162--172},
}

@article{Moreno12,
 author = {Moreno-Torres, J. G. and Raeder, T. and Alaiz-Rodr\'{\i}Guez, R. and Chawla, N. V. and Herrera, F.},
 title = {A Unifying View on Dataset Shift in Classification},
 journal = {Pattern Recogn.},
 volume = {45},
 number = {1},
 year = {2012},
 pages = {521--530}
}

@article{Widmer96,
 author = {Widmer, G. and Kubat, M.},
 title = {Learning in the Presence of Concept Drift and Hidden Contexts},
 journal = {Mach. Learn.},
 volume = {23},
 number = {1},
 year = {1996},
 pages = {69--101}
}

@ARTICLE{PechenizkiySIGKDDExpl09,
  author = {Pechenizkiy, M. and Bakker, J. and Zliobaite, I. and Ivannikov, A. and Karkkainen, T.},
  title = {Online Mass Flow Prediction in {CFB} Boilers with Explicit Detection of Sudden Concept Drift},
  journal = {SIGKDD Explorations},
  year = {2009},
  volume = {11},
  pages = {109-116},
  number = {2}
}

@article{Ang2013,
  author = {H.H. Ang  and V. Gopalkrishnan and I. Zliobaite and M. Pechenizkiy and S.C.H. Hoi},
  title = {Predictive Handling of Asynchronous Concept Drifts in Distributed Environments},
  journal = {IEEE Trans. on Knowl. and Data Eng.},
  volume = 25,
  issue = 10,
  pages = {2343--2355},
  year = {2013},
  doi = {http://doi.ieeecomputersociety.org/10.1109/TKDE.2012.172},
}

@ARTICLE{GamaACMCS2014,
  author = {J. Gama and I. Zliobaite and A. Bifet and M. Pechenizkiy and A. Bouchachia},
  title = {A Survey on Concept Drift Adaptation},
  journal = {ACM Computing Surveys},
  year = {2014},
  volume = {46},
  pages = {44:1--44:37},
  number = {4}
}


@inproceedings{DBLP:conf/icdm/Zliobaite10,
  author    = {Indre Zliobaite},
  title     = {Change with Delayed Labeling: When is it Detectable?},
  booktitle = {ICDM 2010
               Workshops},
  pages     = {843--850},
}


@ARTICLE{Mesnil2009,
  author = {Benoit Mesnil and Pierre Petitgas},
  title = {Detection of changes in time-series of indicators using CUSUM control
	charts},
  journal = {Aquatic Living Resources},
  year = {2009},
  keywords = {CUSUM, ChangeDetection},
  mendeley-groups = {Zotero - Zotero Library},
  mendeley-tags = {CUSUM,WithCode},
  url = {http://archimer.ifremer.fr/doc/00000/6689/}
}

@inproceedings{ZliobaiteBP09,
  author    = {Indre Zliobaite and
               Jorn Bakker and
               Mykola Pechenizkiy},
  title     = {Towards Context Aware Food Sales Prediction},
  booktitle = {{ICDM} Workshops 2009, {IEEE} International Conference on Data Mining
               Workshops, Miami, Florida, USA, 6 December 2009},
  pages     = {94--99},
  year      = {2009},
  crossref  = {DBLP:conf/icdm/2009w},
  url       = {http://dx.doi.org/10.1109/ICDMW.2009.60},
  doi       = {10.1109/ICDMW.2009.60},
  timestamp = {Wed, 17 Sep 2014 19:35:16 +0200},
  biburl    = {http://dblp.uni-trier.de/rec/bib/conf/icdm/ZliobaiteBP09},
  bibsource = {dblp computer science bibliography, http://dblp.org}
}

@ARTICLE{HMMtutor,
  author = {Lawrence R. Rabiner},
  title = {A tutorial on hidden Markov models and selected applications in speech
	recognition.},
  file = {:HMM/A_Tutorial_on_Hidden _Markov_Models_and_Selected_Applications_in_Speech_Recognition.pdf:PDF},
  keywords = {HMM, Tutorial},
  mendeley-groups = {Zotero - Zotero Library},
  timestamp = {2014.02.14},
  url = {http://www.cs.ubc.ca/~murphyk/Bayes/rabiner.pdf}
}

@ARTICLE{ForneyViterbi,
  author = {G. David Forney},
  title = {The Viterbi Algorithm},
}

@ARTICLE{DowneyChp,
  author = {Allen B. Downey},
  title = {A novel changepoint detection algorithm},
  year = {2008},
  keywords = {ChangeDetection, Bayesian},
  timestamp = {2014.04.24},
  url = {http://arxiv.org/abs/0812.1237v1}
}

@article{DBLP:journals/tkde/AngGZPH13,
  author    = {Hock Hee Ang and
               Vivekanand Gopalkrishnan and
               Indre Zliobaite and
               Mykola Pechenizkiy and
               Steven C. H. Hoi},
  title     = {Predictive Handling of Asynchronous Concept Drifts in Distributed
               Environments},
  journal   = {IEEE Trans. Knowl. Data Eng.},
  volume    = {25},
  number    = {10},
  year      = {2013},
  pages     = {2343-2355},
  ee        = {http://doi.ieeecomputersociety.org/10.1109/TKDE.2012.172},
  bibsource = {DBLP, http://dblp.uni-trier.de}
}

@inproceedings{DBLP:conf/epia/GamaK09,
  author    = {Jo{\~a}o Gama and
               Petr Kosina},
  title     = {Tracking Recurring Concepts with Meta-learners},
  booktitle = {EPIA},
  year      = {2009},
  pages     = {423-434},
}
@proceedings{DBLP:conf/epia/2009,
  editor    = {Lu\'{\i}s Seabra Lopes and
               Nuno Lau and
               Pedro Mariano and
               Lu\'{\i}s Mateus Rocha},
  title     = {Progress in Artificial Intelligence, 14th Portuguese Conference
               on Artificial Intelligence, EPIA 2009, Aveiro, Portugal,
               October 12-15, 2009. Proceedings},
  booktitle = {EPIA},
  publisher = {Springer},
  series    = {Lecture Notes in Computer Science},
  volume    = {5816},
  year      = {2009},
  isbn      = {978-3-642-04685-8},
  ee        = {http://dx.doi.org/10.1007/978-3-642-04686-5},
  bibsource = {DBLP, http://dblp.uni-trier.de}
}

@article{GomesSR12,
  author    = {Jo{\~a}o B{\'a}rtolo Gomes and
               Pedro A. C. Sousa and
               Ernestina Menasalvas Ruiz},
  title     = {Tracking recurrent concepts using context},
  journal   = {Intell. Data Anal.},
  volume    = {16},
  number    = {5},
  year      = {2012},
  pages     = {803-825},
  ee        = {http://dx.doi.org/10.3233/IDA-2012-0552},
  bibsource = {DBLP, http://dblp.uni-trier.de}
}
@INPROCEEDINGS{KeoghSegmentation,
  author = {Keogh, Eamonn J. and Chu, Selina and Hart, David and Pazzani, Michael J.},
  title = {An Online Algorithm for Segmenting Time Series},
  booktitle = {Proceedings of the 2001 IEEE International Conference on Data Mining},
  year = {2001},
  series = {ICDM '01},
  pages = {289--296},
  address = {Washington, DC, USA},
  publisher = {IEEE Computer Society},
  acmid = {657889},
  isbn = {0-7695-1119-8},
  numpages = {8},
  url = {http://dl.acm.org/citation.cfm?id=645496.657889}
}

@ARTICLE{Rasmussen2010,
  author = {C.E. Rasmussen, Yunus Saat and Turner Ryan},
  title = {Gaussian Process Change Point Models},
  journal = {Proceedings of the 27th Annual International Conference on Machine Learning},
  year = {2010},
  pages = {927--934},
  url = {http://citeseerx.ist.psu.edu/viewdoc/download?doi=10.1.1.170.1450\&amp;rep=rep1\&amp;type=pdf}
}

@article{Mesnil2009,
abstract = {This article illustrates their potential utility for monitoring the state of marine ecosystems, using survey indicators.},
author = {Mesnil, B and Petitgas, P},
file = {:Users/zedik/Dropbox/REFERENCES.DB/ChangeDetection/Detection\_of\_changes\_in\_time-series\_of \_ndicators\_using\_CUSUM\_control\_charts.pdf:pdf},
journal = {Aquatic Living Resources},
title = {{Detection of changes in time-series of indicators using CUSUM control charts}},
url = {http://www.alr-journal.org/action/displayAbstract?fromPage=online\&aid=8215476 http://journals.cambridge.org/abstract\_S0990744008000582},
year = {2009}
}

@article{Page1954,
author = {Page, ES},
journal = {Biometrika},
keywords = {CUSUM},
title = {{Continuous inspection schemes}},
url = {http://www.jstor.org/stable/10.2307/2333009},
year = {1954}
}

@misc{Nikiforov,
author = {Nikiforov, Igor V. and Basseville, Michele},
title = {{Detection of Abrupt Changes}},
year = {1993}
}

@article{Banerjee2011,
author = {Banerjee, T and Veeravalli, VV},
journal = {Information Theory and \ldots},
title = {{Bayesian quickest change detection under energy constraints}},
year = {2011}
}

@BOOKLET{mackay2007,
  title = {Bayesian Online Changepoint Detection},
  author = {Ryan Prescott Adams and David J.C. MacKay},
  address = {Cambridge, UK},
  year = {2007},
  file = {:ChangeDetection/Bayesian Online Changepoint Detection.pdf:PDF},
  keywords = {ChangeDetection, BayesianChangeDetection},
  publisher = {University of Cambridge}
}

@Article{Wilson2010a,
  Title                    = {Bayesian online learning of the hazard rate in change-point problems},
  Author                   = {Wilson, Robert C and Nassar, Matthew R and Gold, Joshua I},
  Journal                  = {Neural computation},
  Year                     = {2010},
  Number                   = {9},
  Pages                    = {2452--2476},
  Volume                   = {22},
  Institution              = {Department of Psychology, Princeton University, Princeton, NJ 08540, USA. rcw2@princeton.edu},
  Keywords                 = {BournemouthPaper, BayesianChangeDetection}
}


@article{BarryDainiel1993,
author = {{Barry, Dainiel}, J. A. Hartigan},
journal = {Journal of the American Statistical Association},
number = {421},
title = {{A Bayesian Analysis for Change Point Problems}},
volume = {88},
year = {1993}
}

@article{Polunchenko2011,
archivePrefix = {arXiv},
arxivId = {1109.2938},
author = {Polunchenko, Aleksey S. and Tartakovsky, Alexander G.},
doi = {10.1007/s11009-011-9256-5},
eprint = {1109.2938},
issn = {1387-5841},
journal = {Methodology and Computing in Applied Probability},
month = oct,
number = {3},
pages = {649--684},
title = {{State-of-the-Art in Sequential Change-Point Detection}},
volume = {14},
year = {2011}
}

@article{AlexanderGTartakovsky2010,
author = {{Alexander G. Tartakovsky}, George V. Moustakides},
doi = {10.1080/07474941003740997},
keywords = {Bayesian change detection,Change detection},
title = {State-of-the-Art in Bayesian Changepoint Detection},
url = {http://www.ssp.ece.upatras.gr/moustakides/downloads/journals/seq2010\_1.pdf},
year = {2010}
}
