@INPROCEEDINGS{Adae11,
  author = {Iris Adae and Micheal Berthold},
  title = {Unifying Change - Towards a Framework for Detecting the Unexpected},
  booktitle = {Proc. of ICDM Workshops, the 2nd int. workshop on Handling Concept
	Drift in Adaptive Information Systems (HaCDAIS'11)},
  year = {2011},
  pages = {555-559},
 }

 @ARTICLE{Aggarwal05,
  author = {C. Aggarwal},
  title = {On Change Diagnosis in Evolving Data Streams},
  journal = {IEEE Trans. on Knowl. and Data Eng.},
  year = {2005},
  volume = {17},
  pages = {587--600},
  issue = {5}
}

@ARTICLE{cusum,
  author = {E. S. Page},
  title = {Continuous inspection schemes},
  journal = {Biometrika},
  year = {1954},
  volume = {41},
  pages = {100--115},
  number = {1/2},
}

@article{Saastamoinen04,
  author    = {Jaakko Saastamoinen},
  title     = {Modelling of Dynamics of Combustion of Biomass in Fluidized Beds},
  journal   = {Thermal Science},
  volume    = {8},
  number    = {2},
  year      = {2004},
  pages     = {107--126},
  ee        = {http://thermalscience.vin.bg.ac.yu/pdfs/2004-2/TS22004Cl7.pdf}
}

@inproceedings{PechenizkiyEtAl06,
  author    = {Mykola Pechenizkiy and Antti Tourunen and Tommi K\"{a}rkk\"{a}inen and Andriy Ivannikov and Heidi Nevalainen},
  title     = {Towards better understanding of circulating fluidized bed boilers: a data mining approach},
  booktitle = {Proc. Practical Data Mining ECMLPKDD Workshop},
  year      = {2006},
  pages     = {80--83},
}

@INPROCEEDINGS{BifetG07,
  author = {A. Bifet and R. Gavalda},
  title = {Learning from Time-Changing Data with Adaptive Windowing},
  booktitle = {Proc. of SIAM int. conf. on Data Mining (SDM'07)},
  year = {2007},
  pages = {443-448},
 }

@INPROCEEDINGS{Dasu06,
  author = {T. Dasu and Sh. Krishnan and S. Venkatasubramanian and K. Yi},
  title = {An information-theoretic approach to detecting changes in multi-dimensional
	data streams},
  booktitle = {In Proc. Symp. on the Interface of Statistics, Computing Science,
	and Applications},
  year = {2006},
  owner = {Indre},
  timestamp = {2012.01.09}
}

@INPROCEEDINGS{vldb04:Kifer,
  author = {D. Kifer and Sh. Ben-David and J. Gehrke},
  title = {Detecting change in data streams},
  booktitle = {Proc. of the 13th int. conf. on Very large data bases (VLDB'04)},
  year = {2004},
  pages = {180--191},
  owner = {Indre},
  timestamp = {2012.01.09}
}


@inproceedings{BakkerSensorsKDD09,
  author = {Jorn Bakker and Mykola Pechenizkiy and Indre Zliobaite and Andriy Ivannikov and Tommi K\"{a}rkk\"{a}inen},
  title = {Handling Outliers and Concept Drift in Online Mass Flow Prediction in {CFB} boilers},
  booktitle = {Proc. of 3rd Int. Workshop on Knowledge Discovery from Sensor Data (SensorKDD'09)},
  publisher = {ACM Press},
  year = {2009},
  pages = {13--22},
  doi = {http://doi.acm.org/10.1145/1601966.1601972},
  pdf = { http://www.win.tue.nl/~mpechen/publications/pubs/BakkerSensorsKDD09.pdf}
}

@article{PechenizkiySIGKDDExpl09,
  author = {M. Pechenizkiy  and J. Bakker and I. Zliobaite and A. Ivannikov and T. K\"{a}rkk\"{a}inen},
  title = {Online {M}ass {F}low {P}rediction in {CFB} {B}oilers with {E}xplicit {D}etection of {S}udden {C}oncept {D}rift},
  journal = {SIGKDD Explorations},
  year = {2009},
  volume = {11},
  number = {2},
  pages = {109-116},
  doi = {http://www.sigkdd.org/explorations/issue.php?volume=11\&issue=2\&year=2009\&month=12},
  pdf = {http://www.win.tue.nl/~mpechen/publications/pubs/PechenizkiySIGKDDExpl09.pdf}
}

@misc{I.V.Nikiforov,
      author = "Igor V. Nikiforov and Michèle Basseville",
      title  = "{D}etection of {A}brupt {C}hanges - {T}heory and {A}pplication",
      year   = "1998",
      url    = {http://people.irisa.fr/Michele.Basseville/kniga/}
}

@article{Kawahara_2009,
         title={{C}hange-{P}oint {D}etection in {T}ime-{S}eries {D}ata by {D}irect {D}ensity-{R}atio {E}stimation},
         volume={4},
         url={http://www.siam.org/proceedings/datamining/2009/dm09_038_kawaharay.pdf},
         number={2},
         journal={Direct},
         publisher={SIAM},
         author={Kawahara and Yoshinobu},
         year={2009}, pages={389--400}
}

@article{journals/tkde/TakeuchiY06,
  added-at = {2011-11-02T00:00:00.000+0100},
  author = {Jun\{-}ichi Takeuchi and Kenji Yamanishi},
  biburl = {http://www.bibsonomy.org/bibtex/2eb8758d71e8c67c0eb65c7294ded408f/dblp},
  ee = {http://doi.ieeecomputersociety.org/10.1109/TKDE.2006.1599387},
  interhash = {f54072f8329a343bff6b89ccda28a63f},
  intrahash = {eb8758d71e8c67c0eb65c7294ded408f},
  journal = {IEEE Trans. Knowl. Data Eng.},
  keywords = {dblp},
  number = 4,
  pages = {482-492},
  timestamp = {2011-11-02T00:00:00.000+0100},
  title ={{A} {U}nifying {F}ramework for {D}etecting {O}utliers and {C}hange {P}oints from {T}ime {S}eries.},
  url = {http://dblp.uni-trier.de/db/journals/tkde/tkde18.html#TakeuchiY06},
  volume = 18,
  year = 2006
}

@article{J.Geyer,
	author = "Charles J. Geyer",
	title  = "{M}aximum {L}ikelihood in {R}",
	year = 2003
}

@misc{Nist,
   title = {{NIST}/{SEMATECH} e-{H}andbook of {S}tatistical {M}ethods},
   year = {2012, {http://www.itl.nist.gov/div898/handbook/}},
   url = {http://www.itl.nist.gov/div898/handbook/}
}

@Article{qcc,
    title = {qcc: an {R} package for quality control charting and statistical process control},
    author = {Luca Scrucca},
    journal = {R News},
    year = {2004},
    pages = {11--17},
    volume = {4/1},
    url = {http://CRAN.R-project.org/doc/Rnews/},
  }

@article{R.Killick,
 author    = {R. Killick and I.A. Eckley},
 title     = {changepoint: {A}n {R} package for changepoint analysis.},
 journal   = {Annals of Math. Statistics},
 year      = "August 14, 2011",
 ee	   = {http://www.lancs.ac.uk/~killick/Pub/KillickEckley2011.pdf}
}

@article{Kavidass,
 author = {S. Kavidass and G.L. Anderson and G.S. Norton},
 title  = {Why {B}uild a {C}irculating {F}luidized {B}ed {B}oiler to {G}enerate {S}team and {E}lectric {P}ower},
 year   = "September 20, 2000",
 ee     = {http://www.babcock.com/library/pdf/BR-1708.pdf}
}

@article{vanOmmen2011403,
	title = {Time-series analysis of pressure fluctuations in gas-solid fluidized beds - {A} review},
	journal = "{I}nternational {J}ournal of {M}ultiphase {F}low",
	volume = "37",
	number = "5",
	pages = "403 - 428",
	year = "2011",
	note = "",
	issn = "0301-9322",
	doi = "10.1016/j.ijmultiphaseflow.2010.12.007",
	url = "http://www.sciencedirect.com/science/article/pii/S0301932210002028",
	author = {J. Ruud van Ommen and Srdjan Sasic and John van der Schaaf and Stefan Gheorghiu and Filip Johnsson and Marc-Olivier Coppens},
	keywords = "Fluidization",
	keywords = "Pressure measurements",
	keywords = "Signal analysis",
	keywords = "Statistics",
	keywords = "Spectral analysis",
	keywords = "Chaos analysis"
}

@inproceedings{Gama06,
  author    = {J. Gama and G. Castillo},
  title     = {Learning with {L}ocal {D}rift {D}etection},
  booktitle = {Proc. Int. Conf. on Advanced Data Mining and Applications (ADMA 2006)},
  year      = {2006},
  pages     = {42-55},
  publisher = {Springer},
  series    = {LNCS},
  volume    = {4093},
  ee        = {http://dx.doi.org/10.1007/11811305_4},
  crossref  = {DBLP:conf/adma/2006},
  bibsource = {DBLP, http://dblp.uni-trier.de}
}

@inproceedings{ZliobaiteBP09,
  author    = {Indre Zliobaite and
               Jorn Bakker and
               Mykola Pechenizkiy},
  title     = {{OMFP}: {A}n {A}pproach for {O}nline {M}ass {F}low {P}rediction in {CFB} {B}oilers},
  booktitle = {Discovery Science},
  year      = {2009},
  pages     = {272-286},
  ee        = {http://dx.doi.org/10.1007/978-3-642-04747-3_22},
  crossref  = {DBLP:conf/dis/2009},
  bibsource = {DBLP, http://dblp.uni-trier.de}

@inproceedings{DBLP:conf/incdm/IvannikovPBLJKA09,
  author    = {Andriy Ivannikov and
               Mykola Pechenizkiy and
               Jorn Bakker and
               Timo Leino and
               Mikko Jegoroff and
               Tommi K{\"a}rkk{\"a}inen and
               Sami {\"A}yr{\"a}m{\"o}},
  title     = {Online {M}ass {F}low {P}rediction in {CFB} {B}oilers},
  booktitle = {ICDM},
  year      = {2009},
  pages     = {206-219},
  ee        = {http://dx.doi.org/10.1007/978-3-642-03067-3_17},
  crossref  = {DBLP:conf/incdm/2009},
  bibsource = {DBLP, http://dblp.uni-trier.de}
}

@Manual{Rref,
    title = {R: A Language and Environment for Statistical Computing},
    author = {{R Development Core Team}},
    organization = {R Foundation for Statistical Computing},
    address = {Vienna, Austria},
    year = {2012},
    note = {{ISBN} 3-900051-07-0},
    url = {http://www.R-project.org/},
  }

@INPROCEEDINGS{Tourunen,
  author    = {A. Tourunen and J. Saastamoinen and J. H{\"a}m{\"a}l{\"a}inen and K. Paakkinen and A. Kettunen and T. Hypp{\"a}nen},
  title     = {Dynamic measurements and analysis of fuel reactivity in a laboratory scale circulating fluidized bed combustor.},
  booktitle = {{CFB} Technology VII. Proc. of the 7th Int. Conf. on Circulating Fluidized Beds},
  publisher = {Ottawa: Canadian Society for Chemical Engineers.}
  year      = {2002},
  pages     = {669--676}
}

@MastersThesis{Gulden,
  author    = {M. G\'{u}lden},
  title     = {{Pilotmodell av en cirkulerande fluidiserad b\"{a}dd}},
  school    = {\r{A}bo Akademi Univ., Heat Engineering Lab.},
  address   = {Turku, Finland}
  year      = {2008}
}
