@incollection {MatculevichNeittaanmakiRepin2013,
    AUTHOR = {S. Matculevich and P. Neittaanm{\"a}ki and S. Repin},
     TITLE = {Guaranteed error bounds for a class of {P}icard-{L}indel\"of
              iteration methods},
 BOOKTITLE = {Numerical methods for differential equations, optimization,
              and technological problems},
    SERIES = {Comput. Methods Appl. Sci.},
    VOLUME = {27},
     PAGES = {175--189},
 PUBLISHER = {Springer},
   ADDRESS = {Dordrecht},
      YEAR = {2013}
}

@article {MatculevichRepin2014,
    AUTHOR = {S. Matculevich and S. Repin},
     TITLE = {Computable estimates of the distance to the exact solution
			  of the evolutionary reaction-diffusion equation},
   JOURNAL = {Appl. Math. and Comput.},
  FJOURNAL = {Applied Mathematics and Computation},
    VOLUME = {247},
      YEAR = {2014},
    NUMBER = {?},
     PAGES = {329--347},
       DOI = {10.1016/j.amc.2014.08.055},
       URL = {http://dx.doi.org/10.1016/j.amc.2014.08.055},
}

@article {ArxivMatculevichRepin2013,
    AUTHOR = {S. Matculevich and S. Repin},
     title = {Computable estimates of the distance to the exact solution of the evolutionary 					 
			  reaction-diffusion equation},
   JOURNAL = {arXiv.org},
      YEAR = {2013},
   version = {3},
    volume = {math/1310.4602},
}

	
@article {MatculevichNeitaanmakiRepin2015,
    AUTHOR = {S. Matculevich and P. Neittaanm{\"a}ki and S. Repin},
     TITLE = {A posteriori error estimates for time-dependent reaction-diffusion
			  problems based on the {P}ayne--{W}einberger inequality},
   JOURNAL = {AIMS},
  FJOURNAL = {Discrete and Continuous Dynamical Systems - Series A},
    VOLUME = {35},
      YEAR = {2015},
    NUMBER = {6},
     PAGES = {2659--2677}
}

@article {ArxivMatculevichNeittaanmakiRepin2013,
    AUTHOR = {S. Matculevich and P. Neittaanm\"aki and S. Repin},
     title = {A posteriori error estimates for time-dependent reaction-diffusion 	
							problems based on the {P}ayne-{W}einberger inequality},
   JOURNAL = {arXiv.org},
      YEAR = {2013},
   version = {1},
    volume = {math/1312.4361},
}

@article{MatculevichRepinPoincare2014,
	author	= {S.Matculevich and S. Repin},
	title	= {Computable bounds of the distance to the exact solution of parabolic problems based 
			   on {P}oincar\'e type inequalities},
	journal	= {Zap. Nauchn. Sem. S.-Peterburg. Otdel. Mat. Inst. Steklov (POMI)},
	number	= {1},
	volume	= {425},
	year	= {2014},
	pages	= {7--34}
}

@online{ArxivMatculevichRepin2014,
  hyphenation = {american},
  author      = {S. Matculevich and S. Repin},
  title       = {Estimates of the distance to the exact solution of evolutionary 			
								 reaction-diffusion problems based on local {P}oincar\'{e} type inequalities},
  version  	   = {2},
  date        = {2014-09-18},
  eprinttype  = {arXiv.org},
  eprint      = {math/1407.6875}
}

@article {ArxivMatculevichRepin2015,
    AUTHOR = {S. Matculevich and S. Repin},
     title = {Sharp bounds of constants in {P}oincar\'{e} type inequalities for polygonal domains},
   JOURNAL = {arXiv.org},
      YEAR = {2015},
   version = {3},
    volume = {math/1504.031662},
}



