@Article{MacKay2007,
  Title                    = {Bayesian Online Changepoint Detection},
  Author                   = {Ryan Prescott Adams, David J.C. MacKay},
  Year                     = {2007},
  Address                  = {Cambridge, UK},
  File                     = {:ChangeDetection/Bayesian Online Changepoint Detection.pdf:PDF},
  Keywords                 = {ChangeDetection, BayesianChangeDetection, BournemouthPaper, BayesuanChangeDetection},
  Publisher                = {University of Cambridge},
  Timestamp                = {2014.02.13}
}

@Article{Chapados2014,
  Title                    = {Effective Bayesian Modeling of Groups of Related Count Time Series},
  Author                   = {Nicolas Chapados},

  Keywords                 = {Bayesian, changeDetection},
  Owner                    = {amaslov},
  Timestamp                = {2015.07.27},
  Url                      = {http://jmlr.org/proceedings/papers/v32/chapados14.pdf
http://arxiv.org/abs/1405.3738}
}

@Article{Rasmussen2010,
  Title                    = {Gaussian Process Change Point Models},
  Author                   = {C.E. Rasmussen, Yunus Saat and Turner Ryan},
  Journal                  = {Proceedings of the 27th Annual International Conference on Machine Learning},
  Year                     = {2010},
  Pages                    = {927--934},
  Editor                   = {F\"{u}rnkranz, Johannes and Joachims, Thorsten},
  File                     = {:ChangeDetection\\Gaussian.Process.Change.Point.Models.pdf:PDF},
  Keywords                 = {GaussianProcess, ChangeDetection, BayesianChangeDetection},
  Publisher                = {Citeseer},
  Review                   = {"... Central to the online predictor is the time since the last change point, namely run length. "},
  Timestamp                = {2014.02.13},
  Url                      = {http://citeseerx.ist.psu.edu/viewdoc/download?doi=10.1.1.170.1450\&amp;rep=rep1\&amp;type=pdf}
}

@Book{MacKay_Inference_Book,
  Title                    = {Information Theory, Inference, and Learning Algorithms},
  Author                   = {David MacKay},
  Year                     = {2003},
  Timestamp                = {2015.07.27},
  Url                      = {http://www.inference.phy.cam.ac.uk/itila/book.html}
}

@Book{Box_Jenkins_Arima,
  Title                    = {Time Series Analysis: Forecasting and Control},
  Author                   = {George E. P. Box, Gwilym M. Jenkins, Gregory C. Reinsel},
  Timestamp                = {2015.07.27}
}

@Book{Nau,
  Title                    = {Statistical forecasting: notes on regression and time series analysis},
  Author                   = {Robert Nau},
  Url                      = {http://people.duke.edu/~rnau/411home.htm} 
}
