@article {NazarovRepin2014,
    AUTHOR = {A. I. Nazarov and S. I. Repin},
     title = {Exact constants in {P}oincare type inequalities for functions with zero mean boundary traces},
   JOURNAL = {Mathematical Methods in the Applied Sciences},
      YEAR = {2014},
   ADDRESS = {John Wiley \& Sons, Ltd.},
	    NOTE = {Puplished in arXiv.org in 2012, math/1211.2224}
}

@article{GaevskayaRepin2005,
	author	= {A. V. Gaevskaya and S. I. Repin},
	title	= {A Posteriori Error Estimates for Approximate Solutions of Linear Parabolic 
	           Problems},
	journal	= {Springer, Differential Equations},
	number	= {7},
	volume	= {41},
	year	= {2005},
	pages	= {970--983}
}

@book{Ladyzhenskaya1985,
	author	  = {O. A. Ladyzhenskaya},
	title		  = {The boundary value problems of mathematical physics},
	publisher	= {Springer, New York},
	year		  = {1985}
}

@book{Ladyzhenskayaetall1967,
	author	  = {O. A. Ladyzhenskaya and V. A. Solonnikov and N.N. Uraltseva},
	title		  = {Linear and quasilinear equations of parabolic type},
	publisher	= {Nauka, Moscow},
	year		  = {1967}
}

@book{NeittaanmakiRepin2004,
    AUTHOR = {Neittaanm{\"a}ki, P. and Repin, S.},
     TITLE = {Reliable methods for computer simulation},
    SERIES = {Studies in Mathematics and its Applications},
    VOLUME = {33},
      NOTE = {Error control and a posteriori estimates},
 PUBLISHER = {Elsevier Science B.V.},
   ADDRESS = {Amsterdam},
      YEAR = {2004},
     PAGES = {x+305}
}

@article{Repin2002,
	author	= {S. I. Repin},
	title		= {Estimates of deviations from exact solutions of initial-boundary value 
	           problem for the heat equation},
	journal	= {Rend. Mat. Acc. Lincei},
	number	= {9},
	volume	= {13},
	year		= {2002},
	pages		= {121--133}
}

@book{RepinDeGruyter2008,
    AUTHOR = {S. Repin},
     TITLE = {A posteriori estimates for partial differential equations},
    SERIES = {Radon Series on Computational and Applied Mathematics},
    VOLUME = {4},
 PUBLISHER = {Walter de Gruyter GmbH \& Co. KG, Berlin},
      YEAR = {2008},
     PAGES = {xii+316}
}

@article{RepinSauter2006,
	author	= {S. Repin and S. Sauter},
	title	  = {Functional a posteriori estimates for the reaction-diffusion problem},
	journal	= {C. R. Acad. Sci. Paris},
	number	= {1},
	volume	= {343},
	year	  = {2006},
	pages	  = {349--354}
}

@article{Verfurth2003,
    author = {Verf{\"u}rth, R.},
     title = {A posteriori error estimates for finite element
              discretizations of the heat equation},
   journal = {Calcolo},
    volume = {40},
      year = {2003},
    number = {3},
     pages = {195--212}
}


@article {Vexler2008,
    author = {M. Schmich and B. Vexler},
     title = {Adaptivity with dynamic meshes for space-time finite element
              discretizations of parabolic equations},
   journal = {SIAM J. Sci. Comput.},
    volume = {30},
      year = {2007/08},
    number = {1},
     pages = {369--393}
}
@article {RichterSpringerVexler2013,
    AUTHOR = {T. Richter and A. Springer and B. Vexler},
     TITLE = {Efficient numerical realization of discontinuous {G}alerkin
              methods for temporal discretization of parabolic problems},
   JOURNAL = {Numer. Math.},
  FJOURNAL = {Numerische Mathematik},
    VOLUME = {124},
      YEAR = {2013},
    NUMBER = {1},
     PAGES = {151--182}
}
	
@book {LeVeque2007,
    author = {R. J. LeVeque},
     title = {Finite difference methods for ordinary and partial
              differential equations},
      note = {Steady-state and time-dependent problems},
 publisher = {Society for Industrial and Applied Mathematics (SIAM)},
   address = {Philadelphia, PA},
      year = {2007},
     pages = {xvi+341}
}

@book {Samarskii2001,
    author = {A. A. Samarskii},
     title = {The theory of difference schemes},
    series = {Monographs and Textbooks in Pure and Applied Mathematics},
    volume = {240},
 publisher = {Marcel Dekker Inc.},
   address = {New York},
      year = {2001},
     pages = {xviii+761}
}

@book {Thomee2006,
    AUTHOR = {Thom{\'e}e, V.},
     TITLE = {Galerkin finite element methods for parabolic problems},
    SERIES = {Springer Series in Computational Mathematics},
    VOLUME = {25},
   EDITION = {Second},
 PUBLISHER = {Springer-Verlag},
   ADDRESS = {Berlin},
      YEAR = {2006},
     PAGES = {xii+370},
}
@article {RepinTomar2010,
    AUTHOR = {Repin, S. I. and Tomar, S. K.},
     TITLE = {A posteriori error estimates for approximations of
              evolutionary convection-diffusion problems},
      NOTE = {Problems in mathematical analysis. No. 50},
   JOURNAL = {J. Math. Sci. (N. Y.)},
  FJOURNAL = {Journal of Mathematical Sciences (New York)},
    VOLUME = {170},
      YEAR = {2010},
    NUMBER = {4},
     PAGES = {554--566},
}

@article {NeittaanmakiRepin2010,
    AUTHOR = {Neittaanm{\"a}ki, P. and Repin, S.},
     TITLE = {A posteriori error majorants for approximations of the
              evolutionary {S}tokes problem},
   JOURNAL = {J. Numer. Math.},
  FJOURNAL = {Journal of Numerical Mathematics},
    VOLUME = {18},
      YEAR = {2010},
    NUMBER = {2},
     PAGES = {119--134}
}
@book {Evans2010,
    AUTHOR = {Evans, L. C.},
     TITLE = {Partial differential equations},
    SERIES = {Graduate Studies in Mathematics},
    VOLUME = {19},
   EDITION = {Second},
 PUBLISHER = {American Mathematical Society},
   ADDRESS = {Providence, RI},
      YEAR = {2010},
     PAGES = {xxii+749}
}

@book {Malietall2014,
    AUTHOR = {Mali, O. and Neittaanm{\"a}ki, P. and Repin, S.},
     TITLE = {Accuracy verification methods},
    SERIES = {Computational Methods in Applied Sciences},
    VOLUME = {32},
      NOTE = {Theory and algorithms},
 PUBLISHER = {Springer, Dordrecht},
      YEAR = {2014},
     PAGES = {xiv+355}
}

@article {RepinSamrowskiSauter2012,
    AUTHOR = {Repin, S. I. and Samrowski, T. S. and Sauter, S. A.},
     TITLE = {Combined {\it a posteriori} modeling-discretization error
              estimate for elliptic problems with complicated interfaces},
   JOURNAL = {ESAIM Math. Model. Numer. Anal.},
  FJOURNAL = {ESAIM. Mathematical Modelling and Numerical Analysis},
    VOLUME = {46},
      YEAR = {2012},
    NUMBER = {6},
     PAGES = {1389--1405}
}


@book {Braess2001,
    AUTHOR = {D. Braess},
     TITLE = {Finite elements},
   EDITION = {Second},
      NOTE = {Theory, fast solvers, and applications in solid mechanics,
              Translated from the 1992 German edition by Larry L. Schumaker},
 PUBLISHER = {Cambridge University Press},
   ADDRESS = {Cambridge},
      YEAR = {2001},
     PAGES = {xviii+352}
}

@book {Johnson2009,
    AUTHOR = {C. Johnson},
     TITLE = {Numerical solution of partial differential equations by the
              finite element method},
      NOTE = {Reprint of the 1987 edition},
 PUBLISHER = {Dover Publications Inc.},
   ADDRESS = {Mineola, NY},
      YEAR = {2009},
     PAGES = {ii+279}
}


@article {AkrivisMakridakisNochetto2006,
    AUTHOR = {G. Akrivis and C. Makridakis and R. H. Nochetto},
     TITLE = {A posteriori error estimates for the {C}rank-{N}icolson method
              for parabolic equations},
   JOURNAL = {Math. Comp.},
  FJOURNAL = {Mathematics of Computation},
    VOLUME = {75},
      YEAR = {2006},
    NUMBER = {254},
     PAGES = {511--531}
}
@article {MakridakisNochetto2006,
    AUTHOR = {C. Makridakis and R. H. Nochetto},
     TITLE = {A posteriori error analysis for higher order dissipative
              methods for evolution problems},
   JOURNAL = {Numer. Math.},
  FJOURNAL = {Numerische Mathematik},
    VOLUME = {104},
      YEAR = {2006},
    NUMBER = {4},
     PAGES = {489--514}
}

@article {Moonetall2007,
    AUTHOR = {K.-S. Moon and R. H. Nochetto and T. von Petersdorff and C.-S. Zhang},
     TITLE = {A posteriori error analysis for parabolic variational
              inequalities},
   JOURNAL = {M2AN Math. Model. Numer. Anal.},
  FJOURNAL = {M2AN. Mathematical Modelling and Numerical Analysis},
    VOLUME = {41},
      YEAR = {2007},
    NUMBER = {3},
     PAGES = {485--511}
}

@article {MR1839794,
    AUTHOR = {French, D. A. and Larsson, S. and Nochetto, R. H.},
     TITLE = {Pointwise a posteriori error analysis for an adaptive penalty
              finite element method for the obstacle problem},
   JOURNAL = {Comput. Methods Appl. Math.},
  FJOURNAL = {Computational Methods in Applied Mathematics},
    VOLUME = {1},
      YEAR = {2001},
    NUMBER = {1},
     PAGES = {18--38}
}

@article {SchwabStevenson2009,
    AUTHOR = {Ch. Schwab and R. Stevenson},
     TITLE = {Space-time adaptive wavelet methods for parabolic evolution
              problems},
   JOURNAL = {Math. Comp.},
  FJOURNAL = {Mathematics of Computation},
    VOLUME = {78},
      YEAR = {2009},
    NUMBER = {267},
     PAGES = {1293--1318}
}

@article {CheginiStevenson2011,
    AUTHOR = {N. Chegini and R. Stevenson},
     TITLE = {Adaptive wavelet schemes for parabolic problems: sparse
              matrices and numerical results},
   JOURNAL = {SIAM J. Numer. Anal.},
  FJOURNAL = {SIAM Journal on Numerical Analysis},
    VOLUME = {49},
      YEAR = {2011},
    NUMBER = {1},
     PAGES = {182--212}
}


@incollection {NeittaanmakiRepinMaxwell2010,
    AUTHOR = {P. Neittaanm{\"a}ki and S. Repin},
     TITLE = {Guaranteed error bounds for conforming approximations of a
              {M}axwell type problem},
 BOOKTITLE = {Applied and numerical partial differential equations},
    SERIES = {Comput. Methods Appl. Sci.},
    VOLUME = {15},
     PAGES = {199--211},
 PUBLISHER = {Springer},
   ADDRESS = {New York},
      YEAR = {2010}
}


@article {SinhaEwingLazarov2009,
    AUTHOR = {R. K. Sinh and R. E. Ewing and R. D. Lazarov},
     TITLE = {Mixed finite element approximations of parabolic
              integro-differential equations with nonsmooth initial data},
   JOURNAL = {SIAM J. Numer. Anal.},
  FJOURNAL = {SIAM Journal on Numerical Analysis},
    VOLUME = {47},
      YEAR = {2009},
    NUMBER = {5},
     PAGES = {3269--3292},
}
@article {EwingLazarov1993,
    AUTHOR = {R. E. Ewing and R. D. Lazarov},
     TITLE = {Superconvergence of the mixed finite element approximations of
              parabolic problems using rectangular finite elements},
   JOURNAL = {East-West J. Numer. Math.},
  FJOURNAL = {East-West Journal of Numerical Mathematics},
    VOLUME = {1},
      YEAR = {1993},
    NUMBER = {3},
     PAGES = {199--212},
}

@article {Showalter1975,
	AUTHOR = {R. E. Showalter},
     TITLE = {A priori error estimates for approximation of parabolic boundary value problems},
   JOURNAL = {SIAM J. NUMER. ANAL.},
     VOLUME = {12},
      YEAR = {1975},
    NUMBER = {3}, 
	PAGES  = {456–463}
}

@article {MiettinenHaslinger1998,
    AUTHOR = {M. Miettinen and J. Haslinger},
     TITLE = {Finite element approximation of parabolic hemivariational
              inequalities},
   JOURNAL = {Numer. Funct. Anal. Optim.},
    VOLUME = {19},
      YEAR = {1998},
    NUMBER = {5-6},
     PAGES = {565--585},
}

@article {Kreuzer2013,
    AUTHOR = {C. Kreuzer},
     TITLE = {Reliable and efficient a posteriori error estimates for finite
              element approximations of the parabolic {$p$}-{L}aplacian},
   JOURNAL = {Calcolo},
  FJOURNAL = {Calcolo. A Quarterly on Numerical Analysis and Theory of
              Computation},
    VOLUME = {50},
      YEAR = {2013},
    NUMBER = {2},
     PAGES = {79--110}
}

@inproceedings {EwingLazarov1994,
    AUTHOR = {R. E. Ewing and  R. D. Lazarov},
     TITLE = {Approximation of parabolic problems on grids locally refined
              in time and space},
 BOOKTITLE = {Proceedings of the {T}hird {ARO} {W}orkshop on {A}daptive
              {M}ethods for {P}artial {D}ifferential {E}quations ({T}roy,
              {NY}, 1992)},
   JOURNAL = {Appl. Numer. Math.},
  FJOURNAL = {Applied Numerical Mathematics. An IMACS Journal},
    VOLUME = {14},
      YEAR = {1994},
     PAGES = {199--211}
}

@article {EwingLazarovVassilev1992,
    AUTHOR = {R. E. Ewing and R. D. Lazarov and A. T. Vassilev},
     TITLE = {Adaptive techniques for time-dependent problems},
      NOTE = {Reliability in computational mechanics (Krak{\'o}w, 1991)},
   JOURNAL = {Comput. Methods Appl. Mech. Engrg.},
  FJOURNAL = {Computer Methods in Applied Mechanics and Engineering},
    VOLUME = {101},
      YEAR = {1992},
    NUMBER = {1-3},
     PAGES = {113--126}
}
@article {RepinTomar2011,
    AUTHOR = {S. I. Repin and S. K. Tomar},
     TITLE = {Guaranteed and robust error bounds for nonconforming
              approximations of elliptic problems},
   JOURNAL = {IMA J. Numer. Anal.},
  FJOURNAL = {IMA Journal of Numerical Analysis},
    VOLUME = {31},
      YEAR = {2011},
    NUMBER = {2},
     PAGES = {597--615}
}

@article {Valdman2009,
    AUTHOR = {J. Valdman},
     TITLE = {Minimization of functional majorant in a posteriori error
              analysis based on {$H({\rm div})$} multigrid-preconditioned
              {CG} method},
   JOURNAL = {Adv. Numer. Anal.},
  FJOURNAL = {Advances in Numerical Analysis},
      YEAR = {2009},
     PAGES = {Art. ID 164519, 15}
}

@techreport{KleissTomar2012,
    author      = "S. K. Kleiss and S. Tomar",
    title       = "Guaranteed and sharp a posteriori error estimates in isogeometric analysis",
    number      = "v2",
    institution = "Johann Radon Institute for Computational and Applied Mathematics (RICAM), Austrian Academy of Sciences",
	address		= "Altenberger Strasse 69, A-4040 Linz, Austria",
    year        = "2013"
}

@article {AcostaDuran2004,
    AUTHOR = {Acosta, G. and Dur{\'a}n, R. G.},
     TITLE = {An optimal {P}oincar\'e inequality in {$L^1$} for convex
              domains},
   JOURNAL = {Proc. Amer. Math. Soc.},
  FJOURNAL = {Proceedings of the American Mathematical Society},
    VOLUME = {132},
      YEAR = {2004},
    NUMBER = {1},
     PAGES = {195--202 (electronic)},
      ISSN = {0002-9939},
     CODEN = {PAMYAR},
   MRCLASS = {26D15 (26D10)},
  MRNUMBER = {2021262 (2004j:26031)},
MRREVIEWER = {Seng-Kee Chua},
       DOI = {10.1090/S0002-9939-03-07004-7},
       URL = {http://dx.doi.org/10.1090/S0002-9939-03-07004-7},
}

@article {Bebendorf2003a,
    AUTHOR = {M. Bebendorf},
     TITLE = {A note on the {P}oincar\'e inequality for convex domains},
   JOURNAL = {Z. Anal. Anwendungen},
  FJOURNAL = {Zeitschrift f\"ur Analysis und ihre Anwendungen. Journal for
              Analysis and its Applications},
    VOLUME = {22},
      YEAR = {2003},
    NUMBER = {4},
     PAGES = {751--756}
}

@article {PayneWeinberger1960,
    AUTHOR = {L. E. Payne and H. F. Weinberger},
     TITLE = {An optimal {P}oincar\'e inequality for convex domains},
   JOURNAL = {Arch. Rational Mech. Anal.},
  FJOURNAL = {Archive for Rational Mechanics and Analysis},
    VOLUME = {5},
      YEAR = {1960},
     PAGES = {286--292 (1960)}
}	

@article {Poincare1890,
    AUTHOR = {H. Poincare},
     TITLE = {Sur les {E}quations aux {D}erivees {P}artielles de la
              {P}hysique {M}athematique},
   JOURNAL = {Amer. J. Math.},
  FJOURNAL = {American Journal of Mathematics},
    VOLUME = {12},
      YEAR = {1890},
    NUMBER = {3},
     PAGES = {211--294}
}

@article {Poincare1894,
    AUTHOR = {H. Poincare},
     TITLE = {Sur les {E}quations de la {P}hysique {M}athematique},
   JOURNAL = {Rend. Circ. Mat. Palermo},
    VOLUME = {8},
      YEAR = {1894},
     PAGES = {57--156}
}

@preamble{
   "\def\cprime{$'$} "
}
@article {Mazja1960,
    AUTHOR = {Maz{\cprime}ja, V. G.},
     TITLE = {Classes of domains and imbedding theorems for function spaces},
   JOURNAL = {Soviet Math. Dokl.},
  FJOURNAL = {Soviet Mathematics. Doklady},
    VOLUME = {1},
      YEAR = {1960},
     PAGES = {882--885}
}

@article {DohrmannKlawonnWidlund2008,
    AUTHOR = {Dohrmann, C. R. and Klawonn, A. and Widlund, O. B.},
     TITLE = {Domain decomposition for less regular subdomains: overlapping
              {S}chwarz in two dimensions},
   JOURNAL = {SIAM J. Numer. Anal.},
  FJOURNAL = {SIAM Journal on Numerical Analysis},
    VOLUME = {46},
      YEAR = {2008},
    NUMBER = {4},
     PAGES = {2153--2168}
}

@book {BrezziFortin1991,
    AUTHOR = {Brezzi, F. and Fortin, M.},
     TITLE = {Mixed and hybrid finite element methods},
    SERIES = {Springer Series in Computational Mathematics},
    VOLUME = {15},
 PUBLISHER = {Springer-Verlag},
   ADDRESS = {New York},
      YEAR = {1991}
}

@book{Wloka1987,
	author	  = {J. Wloka},
	title		  = {Partial Differential Equations},
	publisher	= {Cambridge University Press},
	year		  = {1987}
}

@article {Fuchs2011,
    AUTHOR = {M. Fuchs},
     TITLE = {Computable upper bounds for the constants in {P}oincar\'{e}-type inequalities
							for fields of bounded deformation},
   JOURNAL = {Math. Methods Appl. Sci.},
    VOLUME = {34},
      YEAR = {2011},
    NUMBER = {15},
     PAGES = {1920--1932}
}

@article {ChuaWheeden2006,
    AUTHOR = {S.-K. Chua and R. L. Wheeden},
     TITLE = {Estimates of best constants for weighted {P}oincar\'e
              inequalities on convex domains},
   JOURNAL = {Proc. London Math. Soc. (3)},
  FJOURNAL = {Proceedings of the London Mathematical Society. Third Series},
    VOLUME = {93},
      YEAR = {2006},
    NUMBER = {1},
     PAGES = {197--226}
}

@article{FuchsRepin2010,
    author    = "M. Fuchs and S. Repin",
    title     = "Estimates of the deviations from the exact solutions for variational inequalities
                 describing the stationary flow of certain viscous incompressible fluids",
    journal   = "Math. Methods Appl. Sci.",
    number    = "9",
    pages     = "1136--1147",
    volume    = "33",
    year      = "2010"
}

@article{RepinSmolianski2005,
    author    = "S. Repin and A. Smolianski",
    title     = "Functional-type a posteriori error estimates   for mixed finite element methods",
    journal   = "Russian J. Numer. Anal. Math. Modelling",
    number    = "4",
    volume    = "20",
    pages     = "365–-382",
    year      = "2005"
}

@article{Repinetall2007,
    author    = "S. Repin and S. Sauter and A. Smolianski",
    title     = "Two-sided a posteriori error estimates for mixed formulations of elliptic problems",
    journal   = "SIAM J. Numer. Anal.",
    number    = "3",
    volume    = "45",
    pages     = "928--945",
    year      = "2007"
}

@book {HewittStromberg1965,
    AUTHOR = {E. Hewitt and K. Stromberg},
     TITLE = {Real and abstract analysis. {A} modern treatment of the theory
              of functions of a real variable},
 PUBLISHER = {Springer-Verlag, New York},
      YEAR = {1965},
     PAGES = {vii+476},
   MRCLASS = {28.00 (26.00)},
  MRNUMBER = {0188387 (32 \#5826)},
MRREVIEWER = {R. E. Edwards},
}

@book {Rudin1987,
    AUTHOR = {W. Rudin},
     TITLE = {Real and complex analysis},
   EDITION = {Third},
 PUBLISHER = {McGraw-Hill Book Co., New York},
      YEAR = {1987},
     PAGES = {xiv+416}
}

@article {KikuchiLiu2007,
    AUTHOR = {F. Kikuchi and X. Liu},
     TITLE = {Estimation of interpolation error constants for the {$P_0$}
              and {$P_1$} triangular finite elements},
   JOURNAL = {Comput. Methods Appl. Mech. Engrg.},
  FJOURNAL = {Computer Methods in Applied Mechanics and Engineering},
    VOLUME = {196},
      YEAR = {2007},
    NUMBER = {37-40},
     PAGES = {3750--3758}
}
	
@article {EspositoNitschTrombetti2013,
    AUTHOR = {L. Esposito and C. Nitsch and C. Trombetti},
     TITLE = {Best constants in {P}oincar\'e inequalities for convex
              domains},
   JOURNAL = {J. Convex Anal.},
  FJOURNAL = {Journal of Convex Analysis},
    VOLUME = {20},
      YEAR = {2013},
    NUMBER = {1},
     PAGES = {253--264}
}
	
@book {Kawohl1985,
    AUTHOR = {B. Kawohl},
     TITLE = {Rearrangements and convexity of level sets in {PDE}},
    SERIES = {Lecture Notes in Mathematics},
    VOLUME = {1150},
 PUBLISHER = {Springer-Verlag, Berlin},
      YEAR = {1985},
     PAGES = {iv+136}
}
	
	
@book {DymMcKean1972,
    AUTHOR = {H. Dym and H. P. McKean},
     TITLE = {Fourier series and integrals},
      NOTE = {Probability and Mathematical Statistics, No. 14},
 PUBLISHER = {Academic Press, New York-London},
      YEAR = {1972},
     PAGES = {x+295}
}


@article {LaugesenSiudeja2009,
    AUTHOR = {R. S. Laugesen and B. A. Siudeja},
     TITLE = {Maximizing {N}eumann fundamental tones of triangles},
   JOURNAL = {J. Math. Phys.},
  FJOURNAL = {Journal of Mathematical Physics},
    VOLUME = {50},
      YEAR = {2009},
    NUMBER = {11},
     PAGES = {112903, 18},
      ISSN = {0022-2488}
}	

@article {LaugesenSiudeja2010, 
    AUTHOR = {R. S. Laugesen and B. A. Siudeja},
     TITLE = {Minimizing {N}eumann fundamental tones of triangles: an
              optimal {P}oincar\'e inequality},
   JOURNAL = {J. Differential Equations},
  FJOURNAL = {Journal of Differential Equations},
    VOLUME = {249},
      YEAR = {2010},
    NUMBER = {1},
     PAGES = {118--135}
}

@article {Cheng1975,
    AUTHOR = {S. Y. Cheng},
     TITLE = {Eigenvalue comparison theorems and its geometric applications},
   JOURNAL = {Math. Z.},
  FJOURNAL = {Mathematische Zeitschrift},
    VOLUME = {143},
      YEAR = {1975},
    NUMBER = {3},
     PAGES = {289--297}
}

@article {McCartin2002,
    AUTHOR = {B. J. McCartin},
     TITLE = {Eigenstructure of the equilateral triangle. {II}. {T}he
              {N}eumann problem},
   JOURNAL = {Math. Probl. Eng.},
  FJOURNAL = {Mathematical Problems in Engineering. Theory, Methods and
              Applications},
    VOLUME = {8},
      YEAR = {2002},
    NUMBER = {6},
     PAGES = {517--539},
}


@article {BanuelosBurdzy1999,
    AUTHOR = {R. Ba{\~n}uelos and  K. Burdzy},
     TITLE = {On the ``hot spots'' conjecture of {J}.\ {R}auch},
   JOURNAL = {J. Funct. Anal.},
  FJOURNAL = {Journal of Functional Analysis},
    VOLUME = {164},
      YEAR = {1999},
    NUMBER = {1},
     PAGES = {1--33},
}

@book {Zeidler1990A,
    AUTHOR = {E. Zeidler},
     TITLE = {Nonlinear functional analysis and its applications. {II}/{A}},
      NOTE = {Linear monotone operators,
              Translated from the German by the author and Leo F. Boron},
 PUBLISHER = {Springer-Verlag, New York},
      YEAR = {1990},
     PAGES = {xviii+467},
}
@book {Zeidler1990B,
    AUTHOR = {E. Zeidler},
     TITLE = {Nonlinear functional analysis and its applications. {II}/{B}},
      NOTE = {Nonlinear monotone operators,
              Translated from the German by the author and Leo F. Boron},
 PUBLISHER = {Springer-Verlag, New York},
      YEAR = {1990},
     PAGES = {i--xvi and 469--1202}
}


@book {Friedman1964,
    AUTHOR = {A. Friedman},
     TITLE = {Partial differential equations of parabolic type},
 PUBLISHER = {Prentice-Hall, Inc., Englewood Cliffs, N.J.},
      YEAR = {1964},
     PAGES = {xiv+347}
}


@book {Vazquez2007,
    AUTHOR = {J. L. V{\'a}zquez},
     TITLE = {The porous medium equation},
    SERIES = {Oxford Mathematical Monographs},
      NOTE = {Mathematical theory},
 PUBLISHER = {The Clarendon Press, Oxford University Press, Oxford},
      YEAR = {2007},
     PAGES = {xxii+624},
      ISBN = {978-0-19-856903-9; 0-19-856903-3},
   MRCLASS = {35-02 (35B05 35B40 35K57 76S05)},
  MRNUMBER = {2286292 (2008e:35003)},
MRREVIEWER = {Vicen{\c{t}}iu R{\u{a}}dulescu},
}

@phdthesis{Wolfmayr2014,
	author		= "M. Wolfmayr",
	title		  = "Multiharmonic Finite Element Analysis of Parabolic
							 Time-Periodic Simulation and Optimal Control",
	school		= "Institut f{\"u}r Numerische Mathematik, RICAM",
	year		  = "2014",
}

@book {Cannon1984,
    AUTHOR = {J. R. Cannon},
     TITLE = {The one-dimensional heat equation},
    SERIES = {Encyclopedia of Mathematics and its Applications},
    VOLUME = {23},
 PUBLISHER = {Addison-Wesley Publishing Company, Advanced Book Program,
              Reading, MA},
      YEAR = {1984},
     PAGES = {xxv+483}
}

@incollection {Fourier1952,
    AUTHOR = {J. B. J. Fourier},
     TITLE = {Analytical theory of heat},
 BOOKTITLE = {Great {B}ooks of the {W}estern {W}orld, no. 45},
    SERIES = {Great Books of the Western World, no. 45},
     PAGES = {163--251},
 PUBLISHER = {Encyclopaedia Britannica, Inc., Chicago, London, Toronto},
      YEAR = {1952}
}


@book {CarslowJaeger1948,
    AUTHOR = {H. S. Carslow and J. C. Jaeger},
     TITLE = {Conduction of Heat in Solids},
 PUBLISHER = {Oxford Univ. Press (Clarendon), London and New York},
      YEAR = {1948}
}

@book {Widder1975,
    AUTHOR = {D. V. Widder},
     TITLE = {The heat equation},
      NOTE = {Pure and Applied Mathematics, Vol. 67},
 PUBLISHER = {Academic Press [Harcourt Brace Jovanovich, Publishers], New
              York-London},
      YEAR = {1975},
     PAGES = {xiv+267},
}
@misc{Matlab,
      author = "MathWorks - MATLAB and Simulink for Technical Computing",
      title = "MathWorks. Products and Services",
      year = "2015",
      url = "http://se.mathworks.com/products/"
}

@misc{Fenicsproject,
      author = "\textcopyright Copyright 2015, The FEniCS Project",
      title = "The FEniCS Project",
      year = "2015",
      url = "http://fenicsproject.org/"
}

@book {LoggMardalWells2012,
     TITLE = {Automated solution of differential equations by the finite
              element method},
    SERIES = {Lecture Notes in Computational Science and Engineering},
    VOLUME = {84},
    EDITOR = {Logg, A. and Mardal, K.-A. and Wells, G. N.},
      NOTE = {The FEniCS book},
 PUBLISHER = {Springer, Heidelberg},
      YEAR = {2012},
     PAGES = {xiv+723}
}


@incollection {Repin2015,
    AUTHOR = {S. Repin},
     TITLE = {Estimates of Constants in Boundary-Mean Trace Inequalities and 
							Applications to Error Analysis},
 BOOKTITLE = {Numerical Mathematics and Advanced Applications - ENUMATH 2013},
    SERIES = {Lecture Notes in Computational Science and Engineering},
    VOLUME = {103},
     PAGES = {215--223},
 PUBLISHER = {Springer},
   ADDRESS = {Switzerland},
      YEAR = {2015}
}

@incollection{Lindelof1894,
	author		= {E. Lindel{\"o}f},
	title		= {Sur l{'a}pplication de la m{\'e}thode des approximations successives
				   aux {\'e}quations diff{\'e}rentielles ordinaires du premier ordre},
	booktitle	= {Comptes rendus hebdomadaires des s{\'e}ances de l'Acad{\'e}mie des sciences},
	publisher = {Juillet},
	volume		= {114},
	year		= {1894},
	pages		= {454--457}
}

@article {Bendixson1893,
    AUTHOR = {I. Bendixson},
     TITLE = {D\'etermination des \'equations r\'esolubles alg\'ebriquement
              dans lesquelles chaque racine peut s'exprimer en fonction
              rationnelle de l'une d'entre elles},
   JOURNAL = {Ann. Fac. Sci. Toulouse Sci. Math. Sci. Phys.},
  FJOURNAL = {Annales de la Facult\'e des Sciences de Toulouse pour les
              Sciences Math\'ematiques et les Sciences Physiques},
    VOLUME = {7},
      YEAR = {1893},
    NUMBER = {2},
     PAGES = {C1--C7}
}

	

@article{Ostrowski1972,
	author	= {A. Ostrowski},
	title	= {Les estimations des erreurs a posteriori dans les proc{\'e}d{\'e}s it{\'e}ratifs},
	journal	= {C.R. Acad.Sci. Paris S{\'e}r. A--B},
	volume	= {275},
	pages	= {A275--A278},
	year	= {1972}
}

@article {ErikssonJohnson1988,
    AUTHOR = {K. Eriksson and C.Johnson},
     TITLE = {An adaptive finite element method for linear elliptic
              problems},
   JOURNAL = {Math. Comp.},
  FJOURNAL = {Mathematics of Computation},
    VOLUME = {50},
      YEAR = {1988},
    NUMBER = {182},
     PAGES = {361--383}
}

@book {Haireretall1993,
    AUTHOR = {Hairer, E. and N{\o}rsett, S. P. and Wanner, G.},
     TITLE = {Solving ordinary differential equations. {I}},
    SERIES = {Springer series in computational mathematics},
    VOLUME = {8},
   EDITION = {Second},
      NOTE = {Nonstiff problems},
 PUBLISHER = {Springer-Verlag},
   ADDRESS = {Berlin},
      YEAR = {1993},
     PAGES = {xvi+528}
}

@book{HairerWanner1996,
    author    = "E. Hairer and G. Wanner",
    title     = "Solving ordinary differential equations II: Stiff and differential-algebraic problems. Second edition",
    publisher = "Springer--Verlag, Berlin",
    year      = "1996"
}


@article{Nevanlinna1990,
    author    = "O. Nevanlinna",
    title     = "Power bounded prolongations and {P}icard--{L}indel{\"o}f iteration",
    journal   = "Numerical Springer, Numerische Mathematik",
    number    = "1",
    volume    = "58",
    year      = "1990",
    pages     = "479–-501"
}
@article{Nevanlinna2005,
    author    = "O. Nevanlinna",
    title     = "Linear acceleration of {P}icard--{L}indel{\"o}f iteration",
    journal   = "Springer, Numerische Mathematik",
    number    = "1",
    volume    = "57",
    year      = "2005",
    pages     = "147--156"
}
@article{NevanlinnaPI1989,
    author    = "O. Nevanlinna",
    title     = "Remarks on {P}icard--{L}indel{\"o}f iteration {P}art {I}",
    journal   = "Springer, BIT Numerical Mathematics",
    number    = "2",
    volume    = "29",
    year      = "1989",
    pages     = "328--346"
}
@article{NevanlinnaPII1989,
    author    = "O. Nevanlinna",
    title     = "Remarks on {P}icard--{L}indel{\"o}f iteration {P}art {II}",
    journal   = "Springer, BIT Numerical Mathematics",
    number    = "3",
    volume    = "29",
    year      = "1989",
    pages     = "535--562"
}

@article{Erolaetall1995,
    author    = "T. Eirola and A. M. Krasnosel'skii and M. A. Krasnosel'skii and N. A. Kuznersov and O. Nevanlinna",
    title     = "Incomplete corrections in nonlinear problems",
    journal   = "Nonlinear Analysis",
    number    = "7",
    pages     = "717--728",
    volume    = "25",
    year      = "1995"
}

@article {Akrivisetall2011,
		AUTHOR = {Akrivis, G. and Makridakis, C. and Nochetto, R. H.},
		TITLE = {{G}alerkin and {R}unge-{K}utta methods: unified formulation, a
										posteriori error estimates and nodal superconvergence},
		JOURNAL = {Numer. Math.},
		FJOURNAL = {Numerische Mathematik},
		VOLUME = {118},
		YEAR = {2011},
		NUMBER = {3},
		PAGES = {429--456},
}

@book{Pressetall2007,
    author    = "W. H. Press and S. A. Teukolsky and W. T. Vetterling and B. P. Flanner",
    title     = "{N}umerial recipes. The art of scientific computing. Third edition",
    publisher = "Cambridge University Press, Cambridge",
    year      = "2007"
}

@book{Butcher2003,
    author    = "J. C. Butcher",
    title     = "Numerical methods for ordinary differential equations",
    publisher = "John Wiley and Sons Inc., Chichester",
    year      = "2003"
}
@book{Axelsson1994,
    author    = "O. Axelsson",
    title     = "Iterative solution methods",
    publisher = "Cambridge University Press,  Cambridge",
    year      = "1994"
}
@book{Varga1962,
    author    = "R. S. Varga",
    title     = "Matrix iterative analysis",
    publisher = "Prentice--Hall, Englewood Cliffs, New Jersey",
    year      = "1962"
}
@book {Barrettetall1994,
  author    = {R. Barrett and M. Berry and T. F. Chan},
  title     = {Templates for the solution of linear systems: building blocks
               for iterative methods},
  publisher = {Society for Industrial and Applied Mathematics (SIAM)},
  address   = {Philadelphia, PA},
  year      = {1994},
}

@book{GulinSamarski1989,
    author    = "A. Gylin and A. Samarski",
    title     = "Numerical methods",
    publisher = "Nauka, Moscow",
    year      = "1989"
}
@book{Saad2000,
    author    = "Y. Saad",
    title     = "Iterative methods for sparse linear system",
    publisher = "Society for Industria and Applied Mathematics, Philadelphia",
    year      = "2000"
}

@book{Samarki1989,
    author    = "A. Samarski and A. Gulin",
    title     = "Numerical methods",
    publisher = "Nauka, Moscow",
    year      = "1989"
}

@article{Godunov1959,
    author    = "S. Godunov",
    title     = "A Difference Scheme for Numerical Solution of
                 Discontinuous Solution of Hydrodynamic Equations",
    journal   = "Math. Sbornik",
    volume    = "47",
    pages     = "271–-306",
    year      = "1959"
}
@book{Golub1996,
    author    = "G. H. Golub and C. F. Van Loan",
    title     = "Matrix computation",
    publisher = "The Johns Hopkins University Press, Baltimore",
    year      = "1996"
}

@book {CoddingtonLevinson1972,
    AUTHOR = {E. A. Coddington and N. Levinson},
     TITLE = {Theory of ordinary differential equations},
 PUBLISHER = {McGraw-Hill Book Company, Inc., New York-Toronto-London},
      YEAR = {1955},
     PAGES = {xii+429}
}

@book{Mikhlin1986,
    AUTHOR = {S. G. Mikhlin},
     TITLE = {Constants in some inequalities of analysis},
    SERIES = {A Wiley-Interscience Publication},
      NOTE = {Translated from the Russian by Reinhard Lehmann},
 PUBLISHER = {John Wiley and Sons, Ltd., Chichester},
      YEAR = {1986},
     PAGES = {108}
}

@book{Zeidler1986,
    author    = "E. Zeidler",
    title     = "Nonlinear functional analysis and its applications. {I}: 
		             {F}ixed-point theorems",
    publisher = "Springer-Verlag, New York",
    year      = "1986"
}

@book{Collatz1964,
    author    = "L. Collatz",
    title     = "Funktionan alysis und numerische Mathematik",
    publisher = "Springer-Verlag, Berlin",
    year      = "1964"
}

@book{KolmogorovFomin1975,
    author    = "A. N. Kolmogorov and S. V. Fomin",
    title     = "Introductory real analysis",
    publisher = "Dover Publications, Inc., New York",
    year      = "1975"
}
@article{Liouville1838,
    author    = "J. Liouville",
    title     = "Sur la Th\'{e}orie de la variation des constantes arbitraires",
    journal   = "Liouville J. de Math.",
    volume    = "3",
    pages     = "342--349",
    year      = "1838"
}


@article{Peano1888,
    author    = "G. Peano",
    title     = "Int\'{e}gration par s\'{e}ries des \'{e}quations diff\'{e}rentielles lin\'{e}aires",
    journal   = "Math. Annalen",
    volume    = "32",
    pages     = "450--456",
    year      = "1888"
}

@article{Picard1890,
    author    = "E. Picard",
    title     = "M\'{e}moire sur la th\'{e}orie des \'{e}quations aux d\'{e}riv\'{e}es partielles et 							la m\'{e}thode des approximations successives",
    journal   = "J. de Math. pures et appl., 4e s\'{e}rie",
    volume    = "6",
    pages     = "145--210",
    year      = "1890"
}

@book{Picard18911996,
    author    = "E. Picard",
    title     = "Trait\'{e} d'Analyse. III Volums",
    publisher = "Paris",
    year      = "1891--1896"
}

@article{Banach1922,
    author    = "S. Banach",
    title     = "Sur les op\'{e}rations dans les ensembles abstraits 
								 et leur application aux \'{e}quations int\'{e}grales",
    journal   = "Fund. Math. ",
    volume    = "3",
    pages     = "133--181",
    year      = "1922"
}

@book{Istratescu1981,
    author    = "V. I. Istratescu",
    title     = "Fixed Point Theory, An Introduction",
    publisher = "The Netherlands",
    year      = "1981"
}


@book {Lang2001,
    AUTHOR = {J. Lang},
     TITLE = {Adaptive multilevel solution of nonlinear parabolic {PDE} systems},
    SERIES = {Lecture Notes in Computational Science and Engineering},
    VOLUME = {16},
      NOTE = {Theory, algorithm, and applications},
 PUBLISHER = {Springer-Verlag, Berlin},
      YEAR = {2001},
     PAGES = {xii+157},
}

@book {RoosStynesTobiska1996,
    AUTHOR = {Roos, H.-G. and Stynes, M. and Tobiska, L.},
     TITLE = {Numerical methods for singularly perturbed differential
              equations},
    SERIES = {Springer Series in Computational Mathematics},
    VOLUME = {24},
      NOTE = {Convection-diffusion and flow problems},
 PUBLISHER = {Springer-Verlag, Berlin},
      YEAR = {1996},
     PAGES = {xvi+348}
}

@book {GrossmannRoosStynes2007,
    AUTHOR = {C. Grossmann and H.-G. Roos and M. Stynes},
     TITLE = {Numerical treatment of partial differential equations},
    SERIES = {Universitext},
      NOTE = {Translated and revised from the 3rd (2005) German edition by
              Martin Stynes},
 PUBLISHER = {Springer, Berlin},
      YEAR = {2007},
     PAGES = {xii+591},
      ISBN = {978-3-540-71582-5},
   MRCLASS = {65-01 (65Mxx 65Nxx)},
  MRNUMBER = {2362757 (2009b:65004)},
MRREVIEWER = {Beny Neta},
       DOI = {10.1007/978-3-540-71584-9},
       URL = {http://dx.doi.org/10.1007/978-3-540-71584-9},
}
	
	
@article {Courant1943,
    AUTHOR = {R. Courant},
     TITLE = {Variational methods for the solution of problems of
              equilibrium and vibrations},
   JOURNAL = {Bull. Amer. Math. Soc.},
  FJOURNAL = {Bulletin of the American Mathematical Society},
    VOLUME = {49},
      YEAR = {1943},
     PAGES = {1--23}
}	

@book {Ciarlet1978,
    AUTHOR = {P. G. Ciarlet},
     TITLE = {The finite element method for elliptic problems},
      NOTE = {Studies in Mathematics and its Applications, Vol. 4},
 PUBLISHER = {North-Holland Publishing Co., Amsterdam-New York-Oxford},
      YEAR = {1978}
}

@article {Hrennikoff1941,
    AUTHOR = {A. Hrennikoff},
     TITLE = {Solution of problems of elasticity by the framework method},
   JOURNAL = {J. Appl. Mech.},
    VOLUME = {8},
      YEAR = {1941},
     PAGES = {A-169--A-175},
   MRCLASS = {73.2X},
  MRNUMBER = {0006320 (3,288b)},
MRREVIEWER = {F. B. Hildebrand},
}
	
@article {Zlamal1968,
    AUTHOR = {M. Zl{\'a}mal},
     TITLE = {On the finite element method},
   JOURNAL = {Numer. Math.},
  FJOURNAL = {Numerische Mathematik},
    VOLUME = {12},
      YEAR = {1968},
     PAGES = {394--409}
}
		
	
@book {LeVeque2002,
    AUTHOR = {R. J. LeVeque},
     TITLE = {Finite volume methods for hyperbolic problems},
    SERIES = {Cambridge Texts in Applied Mathematics},
 PUBLISHER = {Cambridge University Press, Cambridge},
      YEAR = {2002},
     PAGES = {xx+558}
}	
	
@book {Toro1999,
    AUTHOR = {E. F. Toro},
     TITLE = {Riemann solvers and numerical methods for fluid dynamics},
   EDITION = {Second},
      NOTE = {A practical introduction},
 PUBLISHER = {Springer-Verlag, Berlin},
      YEAR = {1999},
     PAGES = {xx+624}
}


@incollection {EymardGalloutHerbin2000,
    AUTHOR = {R. Eymard and T. Gallou{\"e}t and R. Herbin},
     TITLE = {Finite volume methods},
 BOOKTITLE = {Handbook of numerical analysis, {V}ol. {VII}},
    SERIES = {Handb. Numer. Anal., VII},
     PAGES = {713--1020},
 PUBLISHER = {North-Holland, Amsterdam},
      YEAR = {2000}
}	
	
@book {Crank1975,
    AUTHOR = {J. Crank},
     TITLE = {The mathematics of diffusion},
   EDITION = {Second},
 PUBLISHER = {Clarendon Press, Oxford},
      YEAR = {1975},
     PAGES = {ix+414}
}
@article {RouleauOsterle1955,
    AUTHOR = {W. T. Rouleau and J. F. Osterle},
     TITLE = {The application of finite difference methods to boundary-layer
              type flows},
   JOURNAL = {J. Aero. Sci.},
    VOLUME = {22},
      YEAR = {1955},
     PAGES = {249--254}
}

@article {Lax1948,
    AUTHOR = {A. Lax},
     TITLE = {Decaying shocks. {A} comparison of an approximate analytic
              solution with a finite difference method},
   JOURNAL = {Communications on Appl. Math.},
    VOLUME = {1},
      YEAR = {1948},
     PAGES = {247--257}
}
@book {MortonMayers1994,
    AUTHOR = {Morton, K. W. and Mayers, D. F.},
     TITLE = {Numerical solution of partial differential equations},
      NOTE = {An introduction},
 PUBLISHER = {Cambridge University Press, Cambridge},
      YEAR = {1994}
}
	
@book {BanerjeeButterfield1981,
    AUTHOR = {P. K. Banerjee and R. Butterfield},
     TITLE = {Boundary element methods in engineering science},
 PUBLISHER = {McGraw-Hill Book Co. (UK), Ltd., London-New York},
      YEAR = {1981},
     PAGES = {xv+452}
}


@book {Brebbia1978,
    AUTHOR = {C. A. Brebbia},
     TITLE = {The boundary element method for engineers},
 PUBLISHER = {Halsted Press [John Wiley \& Sons], New York},
      YEAR = {1978},
     PAGES = {v+189}
}	

@book{BrennerScott1994,
    author    = "S. Brenner and R. L. Scott",
    title     = "The mathematical theory of finite element methods",
    publisher = "Springer, New York",
    year      = "1994"
}

@book{StrangFix1973,
    author    = "G. Strang and G. Fix",
    title     = "An analysis of the finite element method",
    publisher = "Prentice Hall, Englewood Cliffs",
    year      = "1973"
}

@article{BabushkaRheinboldt1992,
    author    = "I. Babu{\v s}ka and W. C. Rheinboldt W.C.",
    title     = "A posteriori error estimates for linear equations",
    journal   = "Casopis P\v est. Mat.",
    number    = "3",
    pages     = "269--276",
    volume    = "86",
    year      = "1992"
}
@article{BabushkaRheinboldt1978,
    author    = "I. Babu\v{s}ka and W. C. Rheinboldt",
    title     = "A-posteriori error estimates for the finite element method",
    journal   = "Internat. J. Numer. Meth. Engrg.",
    volume    = "12",
    pages     = "1597--1615",
    year      = "1978"
}

@article {BabushkaRheinboldtSIAM1978,
    AUTHOR = {I. Babu{\v{s}}ka and W. C. Rheinboldt},
     TITLE = {Error estimates for adaptive finite element computations},
   JOURNAL = {SIAM J. Numer. Anal.},
  FJOURNAL = {SIAM Journal on Numerical Analysis},
    VOLUME = {15},
      YEAR = {1978},
    NUMBER = {4},
     PAGES = {736--754}
}
	

@article{JohnsonHansbo1992,
    author    = "C. Johnson and P. Hansbo",
    title     = "Adaptive finite elements in computational mechanics",
    journal   = "Comput. Methods Appl. Mech. Engrg.",
    volume    = "101",
        number    = "1-2",
    pages     = "143--181",
    year      = "1992"
}
@book{Verfurth1996,
    author    = "R. Verf{\"u}rth",
    title     = "A review of a posteriori error estimation and adaptive mesh-refinement techniques",
    publisher = "Wiley and Sons, Teubner, New-York",
    year      = "1996"
}

@article {DorflerRumpf1998,
    author = {W. D{\"o}rfler and M. Rumpf},
     title = {An adaptive strategy for elliptic problems including a
              posteriori controlled boundary approximation},
   journal = {Math. Comp.},
    volume = {67},
      year = {1998},
    number = {224},
     pages = {1361--1382}
}

@article{Carstensen1999,
    author    = "C. Carstensen",
    title     = "Quasi--interpolation and a posteriori error analysis of finite element methods",
    journal   = "Mathematical Modelling in Numerical Analysis",
    number    = "33",
    volume    = "6",
    pages     = "1187--1202",
    year      = "1999"
}

@article {AinsworthOden1992,
    AUTHOR = {M. Ainsworth and J. T. Oden},
     TITLE = {A procedure for a posteriori error estimation for {$h$}-{$p$}
              finite element methods},
      NOTE = {Reliability in computational mechanics (Krak{\'o}w, 1991)},
   JOURNAL = {Comput. Methods Appl. Mech. Engrg.},
  FJOURNAL = {Computer Methods in Applied Mechanics and Engineering},
    VOLUME = {101},
      YEAR = {1992},
    NUMBER = {1-3},
     PAGES = {73--96}
}

@article {AinsworthOden1993,
    AUTHOR = {M. Ainsworth and J. T. Oden},
     TITLE = {A unified approach to a posteriori error estimation using
              element residual methods},
   JOURNAL = {Numer. Math.},
  FJOURNAL = {Numerische Mathematik},
    VOLUME = {65},
      YEAR = {1993},
    NUMBER = {1},
     PAGES = {23--50}
}

@article{CarstensenVerfurth1999,
    author    = "C. Carstensen and R. Verf{\"u}rth",
    title     = "Edge residuals dominate a posteriori error estimates for low order finite element methods",
    journal   = "SIAM J. Numer. Anal.",
    number    = "36",
    volume    = "5",
    pages     = "1571--1587",
    year      = "1999"
}
@book{AinsworthOden2000,
    author    = "M. Ainsworth and J. T. Oden",
    title     = "A posteriori error estimation in finite element analysis",
    publisher = "Wiley and Sons, New York",
    year      = "2000"
}

@book {BabushkaStrouboulis2001,
    AUTHOR = {I. Babu{\v{s}}ka and T. Strouboulis},
     TITLE = {The finite element method and its reliability},
    SERIES = {Numerical mathematics and scientific computation},
 PUBLISHER = {The Clarendon Press Oxford University Press},
   ADDRESS = {New York},
      YEAR = {2001},
     PAGES = {xii+802}
}

@book{BabushkaWhitemanStrouboulis2011,
    author    = "I. Babu\v{s}ka and J. R. Whiteman and T. Strouboulis",
    title     = "Finite elements, an introduction to the method and error estimation",
    publisher = "Oxford University Press, New York",
    year      = "2011"
}


@article{CarstensenFunken2000,
    author    = "C. Carstensen and S. A. Funken",
    title     = "Fully reliable localized error control in the {FEM}",
    journal   = "SIAM J. Sci. Comput.",
    number    = "4",
    volume    = "21",
    pages     = "1465--1484",
    year      = "2000"
}

@article{BartelsCarstensen2002,
    author    = "S. Bartels and C. Carstensen",
    title     = "Each averaging technique yields reliable a posteriori error control
                 in {FEM} on unstructured grids. {P}art {II}: {H}igher order {FEM}",
    journal   = "Math. Comput.",
    volume    = "239",
    number    = "71",
    pages     = "971--994",
    year      = "2002"
}

@article{ZienkiewiczZhu1987,
    author    = "O. C. Zienkiewicz and J. Z. Zhu",
    title     = "A simple error estimator and adaptive procedure for practical engineering analysis",
    journal   = "Internat. J. Numer. Meth. Engrg.",
    volume    = "24",
    number    = "2",
    pages     = "337--357",
    year      = "1987"
}
@article{ZienkiewiczZhu1988,
    author    = "O. C. Zienkiewicz and J. Z. Zhu",
    title     = "Adaptive techniques in the finite element method",
    journal   = "Commun. Appl. Numer. Methods",
    volume    = "4",
    pages     = "197--204",
    year      = "1988"
}

@article {BabushkaRodriguez1993,
    AUTHOR = {Babu{\v{s}}ka, I. and Rodr{\'{\i}}guez, R.},
     TITLE = {The problem of the selection of an a posteriori error
              indicator based on smoothening techniques},
   JOURNAL = {Internat. J. Numer. Methods Engrg.},
  FJOURNAL = {International Journal for Numerical Methods in Engineering},
    VOLUME = {36},
      YEAR = {1993},
    NUMBER = {4},
     PAGES = {539--567}
}

@incollection {Zienkiewiczetall1998,
    AUTHOR = {Zienkiewicz, O. C. and Boroomand, B. and Zhu, J. Z.},
     TITLE = {Recovery procedures in error estimation and adaptivity:
              adaptivity in linear problems},
 BOOKTITLE = {Advances in adaptive computational methods in mechanics
              ({C}achan, 1997)},
    SERIES = {Stud. Appl. Mech.},
        EDITOR = {P. Ladeveze and J.T. Oden},
    VOLUME = {47},
     PAGES = {3--23},
 PUBLISHER = {Elsevier},
   ADDRESS = {Amsterdam},
      YEAR = {1998}
}


@article{Wang2000,
    author    = "J. Wang",
    title     = "Superconvergence analysis of finite element solutions by the least-squares 
								surface fitting on irregular meshes for smooth problems",
    journal   = "J. Math. Study",
    volume    = "33",
    pages     = "229--243",
    year      = "2000",
}

@article{WangYe2002,
    author    = "J. Wang and X. Ye",
    title     = "Superconvergence analysis for the {N}avier--{S}tokes equations",
    journal   = "Applied Numerical Mathematics",
    volume    = "41",
    pages     = "515--527",
    year      = "2002"
}

@article{Heimsundetall2002,
    author    = "B.-O. Heimsund and X.-C. Tai and J. Wang",
    title     = "Superconvergence for the gradient of finite element approximations by {$L^2$} projections",
    journal   = "SIAM J. Numer. Anal.",
    volume    = "40",
		number    = "4",
		pages     = "1263--1280",
    year      = "2002"
}

@article {ZhangNaga2005,
    AUTHOR = {Zhang, Zh. and Naga, A.},
     TITLE = {A new finite element gradient recovery method:
              superconvergence property},
   JOURNAL = {SIAM J. Sci. Comput.},
  FJOURNAL = {SIAM Journal on Scientific Computing},
    VOLUME = {26},
      YEAR = {2005},
    NUMBER = {4},
     PAGES = {1192--1213}
}



@article{KrizekNeittaanmaki1984,
  author  = {M. K{\v{r}}{\'{\i}}{\v{z}}ek and P. Neittaanm{\"a}ki},
  title   = {Superconvergence phenomenon in the finite element method
             arising from averaging gradients},
  journal = {Numer. Math.},
  volume  = {45},
  year    = {1984},
  number  = {1},
  pages   = {105--116},
}
@article {KrizekNeittaanmaki1987,
    AUTHOR = {K{\v{r}}{\'{\i}}{\v{z}}ek, M. and Neittaanm{\"a}ki, P.},
     TITLE = {On superconvergence techniques},
   JOURNAL = {Acta Appl. Math.},
  FJOURNAL = {Acta Applicandae Mathematicae. An International Journal on
              Applying Mathematics and Mathematical Applications},
    VOLUME = {9},
      YEAR = {1987},
    NUMBER = {3},
     PAGES = {175--198}
}

@incollection{Krizeketall1998,
    author    = "M. K\v{r}{\'i}\v{z}ek and P. Neittaanm{\"a}ki and R. Stenberg",
    title     = "Superconvergence, post-processing and a posteriori error estimates",
    booktitle = "Lecture notes in pure and applied mathematics",
        editor    = "M. K\v{r}{\'i}\v{z}ek and P. Neittaanm{\"a}ki and R. Stenberg",
    publisher = "Marcel Dekker, New York",
    volume    = "196",
    year      = "1998"
}
@book {Wahlbin1995,
    AUTHOR = {Wahlbin, L. B.},
     TITLE = {Superconvergence in {G}alerkin finite element methods},
    SERIES = {Lecture notes in mathematics},
    VOLUME = {1605},
 PUBLISHER = {Springer-Verlag},
   ADDRESS = {Berlin},
      YEAR = {1995},
     PAGES = {xii+166}
}


@incollection {RaviartThomas1977,
    AUTHOR = {Raviart, P.-A. and Thomas, J. M.},
     TITLE = {A mixed finite element method for 2nd order elliptic problems},
 BOOKTITLE = {Mathematical aspects of finite element methods ({P}roc.
              {C}onf., {C}onsiglio {N}az. delle {R}icerche ({C}.{N}.{R}.),
              {R}ome, 1975)},
     PAGES = {292--315. Lecture Notes in Math., Vol. 606},
 PUBLISHER = {Springer, Berlin},
      YEAR = {1977}
}
@incollection{RobertsThomas1991,
    author    = "J. E. Roberts and J.-M. Thomas",
    title     = "Mixed and hybrid methods",
    booktitle = "Handbook of numerical analysis",
    editor    = "I. Elishakoff",
    publisher = "North--Holland, Amsterdam",
    volume    = "2",
    pages     = "523--639",
    year      = "1991"
}

@article {Ainsworth1998,
    AUTHOR = {M. Ainsworth},
     TITLE = {A posteriori error estimation for fully discrete hierarchic
              models of elliptic boundar--value problems on thin domains},
   JOURNAL = {Numer. Math.},
  FJOURNAL = {Numerische Mathematik},
    VOLUME = {80},
      YEAR = {1998},
    NUMBER = {3},
     PAGES = {325--362}
}
@article{AinsworthRankin2010,
    author    = "M. Ainsworth and R. Rankin",
    title     = "Fully computable error bounds for discontinuous {G}alerkin
                 Finite Element Approximations on Meshes with an Arbitrary
                 Number of Levels of Hanging Nodes",
    journal   = "SIAM J. Numer. Anal.",
    volume    = "47",
    number    = "6",
    pages     = "4112--4141",
    year      = "2010"
}

@article{LadevezeLeguillon1983,
    author    = "P. Ladev{\'e}ze and D. Leguillon",
    title     = "Error estimate procedure in the finite element method and applications",
    journal   = "SIAM J. Numer. Anal.",
    number    = "3",
    pages     = "485--509",
    volume    = "20",
    year      = "1983"
}

% hierarchcal
@article{Agouzal2001,
    author    = "A. Agouzal",
    title     = "On the saturation assumption and hierarchical a posteriori error estimator",
    journal   = "Comput. Meth. Appl. Math.",
    number    = "2",
        volume    = "2",
    pages     = "125--131",
    year      = "2002"
}

@article{Deuflhardetall1989,
    author    = "P. Deuflhard and P. Leinen and H. Yserentant",
    title     = "Concept of an adaptive hierarchical finite element code",
    journal   = "Impact Computing Sci. Engrg.",
    number    = "1",
    volume    = "1",
    pages     = "3--35",
    year      = "1989"
}

@article{Duranetall1991,
    author    = "R. Duran and M. A. Muschietti and R. Rodriguez",
    title     = "On the asymptotic exactness of error estimators for linear triangle elements",
    journal   = "Numer. Math.",
    volume    = "59",
    number    = "2",
    pages     = "107--127",
    year      = "1991"
}
@article {DorflerNochetto2002,
    AUTHOR = {D{\"o}rfler, W. and Nochetto, R. H.},
     TITLE = {Small data oscillation implies the saturation assumption},
   JOURNAL = {Numer. Math.},
  FJOURNAL = {Numerische Mathematik},
    VOLUME = {91},
      YEAR = {2002},
    NUMBER = {1},
     PAGES = {1--12}
}

% goal-oriented

@article{BeckerRannacher1996,
    author    = "R. Becker and R. Rannacher",
    title     = "A feed--back approach to error control in finite element methods: 
								{B}asic approach and examples",
    journal   = "East--West J. Numer. Math.",
    volume    = "4",
    number    = "4",
    pages     = "237--264",
    year      = "1996"
}

@article{SteinOhnimus1997,
    author    = "E. Stein and S. Ohnimus",
    title     = "Coupled model- and solution-adaptivity in the finite element method",
    journal   = "Comput. Methods Appl. Mech. Engrg.",
    volume    = "150",
    number    = "1--4",
    pages     = "327--350",
    year      = "1997"
}

@incollection{PerairePatera1998,
    author    = "J. Peraire and A. T. Patera",
    title     = "Bounds for linear-functional outputs of coercive partial differential equations: {L}ocal indicators and
                 adaptive refinement",
    booktitle = "Advances in adaptive computational methods in mechanics",
    publisher = "{E}lsevier, {N}ew {Y}ork",
    editor    = "P. Ladev{\'e}ze and J. T. Oden",
    pages     = "199--228",
    year      = "1998"
}

@article{Houstonetall2000,
    author    = "P. Houston and R. Rannacher and E. S{\"u}li",
    title     = "A posteriori error analysis for stabilised finite element approximations of transport
                 problems",
    journal   = "Comput. Methods Appl. Mech. Engrg.",
    volume    = "190",
		number    = "11--12",
    pages     = "1483--1508",
    year      = "2000"
}

@incollection {Rannacher2000,
    AUTHOR = {Rannacher, R.},
     TITLE = {The dual-weighted-residual method for error control and mesh
              adaptation in finite element methods},
 BOOKTITLE = {The mathematics of finite elements and applications, {X},
              {MAFELAP} 1999 ({U}xbridge)},
     PAGES = {97--116},
 PUBLISHER = {Elsevier},
   ADDRESS = {Oxford},
      YEAR = {2000}
}

@article{OdenPrudhomme2001,
    author    = "J. T. Oden and S. Prudhomme",
    title     = "Goal--oriented error estimation and adaptivity for the
                 finite element method",
    journal   = "Comput. Methods Appl.",
    volume    = "41",
		number    = "5--6",
		year      = "2001",
    pages     = "735--756"
}

@article{Steinetall2007,
    author    = "E. Stein and M. R{\"u}ter and S. Ohnimus",
    title     = "Error-controlled adaptive goal-oriented modeling and finite element approximations in elasticity",
    journal   = "Comput. Methods Appl. Mech. Engrg.",
    volume    = "196",
    number    = "37--40",
    pages     = "3598--3613",
    year      = "2007"
}

@article {Meidneretall2009,
    AUTHOR = {D. Meidner and R. Rannacher and J. Vihharev},
     TITLE = {Goal-oriented error control of the iterative solution of
              finite element equations},
   JOURNAL = {J. Numer. Math.},
  FJOURNAL = {Journal of Numerical Mathematics},
    VOLUME = {17},
      YEAR = {2009},
    NUMBER = {2},
     PAGES = {143--172}
}
@article{RannacherVexler2010,
    author    = "R. Rannacher and B. Vexler",
    title     = "Adaptive finite element discretization in {PDE}-based optimization",
    journal   = "GAMM-Mitt.",
        volume    = "33",
    number    = "2",
    pages     = "177--193",
    year      = "2010"
}

@article {BesierRannacher2012,
    AUTHOR = {Besier, M. and Rannacher, R.},
     TITLE = {Goal-oriented space-time adaptivity in the finite element
              {G}alerkin method for the computation of nonstationary
              incompressible flow},
   JOURNAL = {Internat. J. Numer. Methods Fluids},
  FJOURNAL = {International Journal for Numerical Methods in Fluids},
    VOLUME = {70},
      YEAR = {2012},
    NUMBER = {9},
     PAGES = {1139--1166}
}




% repin original works

@article{Repin1997,
    author    = "S. Repin",
    title     = "A posteriori estimates for approximate solutions of
                 variational problems with strongly convex functionals",
    journal   = "Problems of Mathematical Analysis",
    volume    = "17",
    pages     = "199--226",
    year      = "1997"
}
@article{RepinZapiski1997,
    author    = "S. Repin",
    title     = "A posteriori error estimation for nonlinear variational
                 problems by duality theory",
    journal   = "Zapiski Nauchnych Seminarov POMI",
    volume    = "243",
    pages     = "201--214",
    year      = "1997"
}

@article{RepinPowerFunc1997,
    author    = "S. Repin",
    title     = "A posteriori error estimation for variational problems with power growth functionals based on
                 duality theory",
    journal   = "Zapiski Nauchnych Seminarov POMI",
    volume    = "249",
    pages     = "244--255",
    year      = "1997"
}
@article {Repin1999,
    AUTHOR = {Repin, S. I.},
     TITLE = {A unified approach to a posteriori error estimation based on
              duality error majorants},
      NOTE = {Modelling '98 (Prague)},
   JOURNAL = {Math. Comput. Simulation},
  FJOURNAL = {Mathematics and Computers in Simulation},
    VOLUME = {50},
      YEAR = {1999},
    NUMBER = {1-4},
     PAGES = {305--321}
}

@article{Repin2000,
    author    = "S. Repin",
    title     = "A posteriori error estimation for variational problems with uniformly convex functionals",
    journal   = "Math. Comput.",
    volume    = "69",
    number    = "230",
    pages     = "481--500",
    year      = "2000"
}


@book {BangerthRannacher2003,
    AUTHOR = {W. Bangerth and R. Rannacher},
     TITLE = {Adaptive finite element methods for differential equations},
    SERIES = {Lectures in Mathematics ETH Z\"urich},
 PUBLISHER = {Birkh\"auser Verlag, Basel},
      YEAR = {2003},
     PAGES = {viii+207}
}

@article {Meidneretall2011,
    AUTHOR = {D. Meidner and R. Rannacher and B. Vexler},
     TITLE = {A priori error estimates for finite element discretizations of
              parabolic optimization problems with pointwise state
              constraints in time},
   JOURNAL = {SIAM J. Control Optim.},
  FJOURNAL = {SIAM Journal on Control and Optimization},
    VOLUME = {49},
      YEAR = {2011},
    NUMBER = {5},
     PAGES = {1961--1997}
}

	
% parabolic time-discretization methods

@incollection {Hackbusch1984,
    AUTHOR = {Hackbusch, W.},
     TITLE = {Parabolic multigrid methods},
 BOOKTITLE = {Computing methods in applied sciences and engineering, {VI}
              ({V}ersailles, 1983)},
     PAGES = {189--197},
 PUBLISHER = {North-Holland, Amsterdam},
      YEAR = {1984},
   MRCLASS = {65M50},
  MRNUMBER = {806780 (86k:65087)},
}


@article {Womble1990,
    AUTHOR = {Womble, D. E.},
     TITLE = {A time-stepping algorithm for parallel computers},
   JOURNAL = {SIAM J. Sci. Statist. Comput.},
  FJOURNAL = {Society for Industrial and Applied Mathematics. Journal on
              Scientific and Statistical Computing},
    VOLUME = {11},
      YEAR = {1990},
    NUMBER = {5},
     PAGES = {824--837}
}


@article {VandewallePiessens1992,
    AUTHOR = {Vandewalle, S. and Piessens, R.},
     TITLE = {Efficient parallel algorithms for solving initial-boundary
              value and time-periodic parabolic partial differential
              equations},
   JOURNAL = {SIAM J. Sci. Statist. Comput.},
  FJOURNAL = {Society for Industrial and Applied Mathematics. Journal on
              Scientific and Statistical Computing},
    VOLUME = {13},
      YEAR = {1992},
    NUMBER = {6},
     PAGES = {1330--1346}
}


@preamble{
   "\def\cprime{$'$} "
}
@article {HortonVandewalle1995,
    AUTHOR = {Horton, G. and Vandewalle, S.},
     TITLE = {A space-time multigrid method for parabolic partial
              differential equations},
   JOURNAL = {SIAM J. Sci. Comput.},
  FJOURNAL = {SIAM Journal on Scientific Computing},
    VOLUME = {16},
      YEAR = {1995},
    NUMBER = {4},
     PAGES = {848--864}
}


@article {Dorfler1996,
    AUTHOR = {D{\"o}rfler, W.},
     TITLE = {A convergent adaptive algorithm for {P}oisson's equation},
   JOURNAL = {SIAM J. Numer. Anal.},
  FJOURNAL = {SIAM Journal on Numerical Analysis},
    VOLUME = {33},
      YEAR = {1996},
    NUMBER = {3},
     PAGES = {1106--1124}
}


@article {CarstensenSauter2004,
    AUTHOR = {Carstensen, C. and Sauter, S. A.},
     TITLE = {A posteriori error analysis for elliptic {PDE}s on domains
              with complicated structures},
   JOURNAL = {Numer. Math.},
  FJOURNAL = {Numerische Mathematik},
    VOLUME = {96},
      YEAR = {2004},
    NUMBER = {4},
     PAGES = {691--721}
}



@article {Friedrichs1937,
    AUTHOR = {Friedrichs, K.},
     TITLE = {On certain inequalities and characteristic value problems for
              analytic functions and for functions of two variables},
   JOURNAL = {Trans. Amer. Math. Soc.},
  FJOURNAL = {Transactions of the American Mathematical Society},
    VOLUME = {41},
      YEAR = {1937},
    NUMBER = {3},
     PAGES = {321--364}
}
		
@article {Pauly2015,
    AUTHOR = {Pauly, D.},
     TITLE = {On {M}axwell's and {P}oincar\'e's constants},
   JOURNAL = {Discrete Contin. Dyn. Syst. Ser. S},
  FJOURNAL = {Discrete and Continuous Dynamical Systems. Series S},
    VOLUME = {8},
      YEAR = {2015},
    NUMBER = {3},
     PAGES = {607--618}
}


@incollection {BlackScholes2012,
    AUTHOR = {F. Black and M. Scholes},
     TITLE = {The pricing of options and corporate liabilities [reprint of
              {J}. {P}olit. {E}con. {\bf 81} (1973), no. 3, 637--654]},
 BOOKTITLE = {Financial risk measurement and management},
    SERIES = {Internat. Lib. Crit. Writ. Econ.},
    VOLUME = {267},
     PAGES = {100--117},
 PUBLISHER = {Edward Elgar, Cheltenham},
      YEAR = {2012}
}

@article {Pearson1905,
    AUTHOR = {K. Pearson},
     TITLE = {The Problem of the Random Walk},
   JOURNAL = {Nature},
    VOLUME = {72},
      YEAR = {1905},
    NUMBER = {},
     PAGES = {294, 318, 342}
}

@article {CarstensenGedicke2014,
    AUTHOR = {Carstensen, C. and Gedicke, J.},
     TITLE = {Guaranteed lower bounds for eigenvalues},
   JOURNAL = {Math. Comp.},
  FJOURNAL = {Mathematics of Computation},
    VOLUME = {83},
      YEAR = {2014},
    NUMBER = {290},
     PAGES = {2605--2629}
}





@article {Klawonnatall2008,
    AUTHOR = {Klawonn, A. and Rheinbach, O. and Widlund, O. B.},
     TITLE = {An analysis of a {FETI}-{DP} algorithm on irregular subdomains
              in the plane},
   JOURNAL = {SIAM J. Numer. Anal.},
  FJOURNAL = {SIAM Journal on Numerical Analysis},
    VOLUME = {46},
      YEAR = {2008},
    NUMBER = {5},
     PAGES = {2484--2504}
}

@article {Dohrmann2008,
    AUTHOR = {Dohrmann, C. R. and Klawonn, A. and Widlund, O. B.},
     TITLE = {Domain decomposition for less regular subdomains: overlapping
              {S}chwarz in two dimensions},
   JOURNAL = {SIAM J. Numer. Anal.},
  FJOURNAL = {SIAM Journal on Numerical Analysis},
    VOLUME = {46},
      YEAR = {2008},
    NUMBER = {4},
     PAGES = {2153--2168}
}
	
@book {ToselliWidlund2005,
    AUTHOR = {Toselli, A. and Widlund, O.},
     TITLE = {Domain decomposition methods---algorithms and theory},
    SERIES = {Springer Series in Computational Mathematics},
    VOLUME = {34},
 PUBLISHER = {Springer-Verlag, Berlin},
      YEAR = {2005},
     PAGES = {xvi+450}
}
	
@article{LangerRepinWolfmayr2014,
		AUTHOR = {U. Langer and S. Repin and M. Wolfmayr},
     TITLE = {Functional a posteriori error estimates for parabolic time-periodic boundary value problems},
   JOURNAL = {CMAM},
  FJOURNAL = {Computational Methods in Applied Mathematics},
    VOLUME = {15},
      YEAR = {2015},
    NUMBER = {3},
     PAGES = {353--372}
}

@article {LangerWolfmayr2013,
    AUTHOR = {Langer, U. and Wolfmayr, M.},
     TITLE = {Multiharmonic finite element analysis of a time-periodic
              parabolic optimal control problem},
   JOURNAL = {J. Numer. Math.},
  FJOURNAL = {Journal of Numerical Mathematics},
    VOLUME = {21},
      YEAR = {2013},
    NUMBER = {4},
     PAGES = {265--300}
}
	
@article {KollmannKolmbauerLangerWolfmayrZulehner2013,
    AUTHOR = {Kollmann, M. and Kolmbauer, M. and Langer, U. and Wolfmayr, M.
              and Zulehner, W.},
     TITLE = {A robust finite element solver for a multiharmonic parabolic
              optimal control problem},
   JOURNAL = {Comput. Math. Appl.},
  FJOURNAL = {Computers \& Mathematics with Applications. An International
              Journal},
    VOLUME = {65},
      YEAR = {2013},
    NUMBER = {3},
     PAGES = {469--486}
}
		
	
@book{Glowinski1984,
    author    = "R. Glowinski",
    title     = "Numerical methods for nonlinear variational problems",
    publisher = "Springer, New York",
    year      = "1984"
}


@book{Glowinskietall1976,
    author    = "R. Glowinski and J. L. Lions and R. Tr{\'e}molier{\'e}s",
    title     = "Analyse num{\'e}rique  des in{\'e}quations variationnelles",
    publisher = "Dunod, Paris",
    year      = "1976"
}


@article {CarstensenKuhnLanger1998,
    AUTHOR = {Carstensen, C. and Kuhn, M. and Langer, U.},
     TITLE = {Fast parallel solvers for symmetric boundary element domain
              decomposition equations},
   JOURNAL = {Numer. Math.},
  FJOURNAL = {Numerische Mathematik},
    VOLUME = {79},
      YEAR = {1998},
    NUMBER = {3},
     PAGES = {321--347}
}
	
	
	@incollection {Langer1994,
    AUTHOR = {Langer, U.},
     TITLE = {Parallel iterative solution of symmetric coupled
              {FE}/{BE}-equations via domain decomposition},
 BOOKTITLE = {Domain decomposition methods in science and engineering
              ({C}omo, 1992)},
    SERIES = {Contemp. Math.},
    VOLUME = {157},
     PAGES = {335--344},
 PUBLISHER = {Amer. Math. Soc., Providence, RI},
      YEAR = {1994}
}

@incollection {HaaseHeiseKuhnLanger1997,
    AUTHOR = {Haase, G. and Heise, B. and Kuhn, M. and Langer, U.},
     TITLE = {Adaptive domain decomposition methods for finite and boundary
              element equations},
 BOOKTITLE = {Boundary element topics ({S}tuttgart, 1995)},
     PAGES = {121--147},
 PUBLISHER = {Springer, Berlin},
      YEAR = {1997}
}	


@article {JanssenWihler2015,
    AUTHOR = {B. Janssen and T. P. Wihler},
     title = {Existence Results for the Continuous and 
		          Discontinuous Galerkin Time Stepping Methods for 
							Nonlinear Initial Value Problems},
   JOURNAL = {arXiv.org},
      YEAR = {2015},
   version = {1},
    volume = {math/1407.5520},
}

@book {Teschl2012,
    AUTHOR = {Teschl, G.},
     TITLE = {Ordinary differential equations and dynamical systems},
    SERIES = {Graduate Studies in Mathematics},
    VOLUME = {140},
 PUBLISHER = {American Mathematical Society, Providence, RI},
      YEAR = {2012},
     PAGES = {xii+356}
}
	
@article {SchotzauWihler2010,
    AUTHOR = {Sch{\"o}tzau, D. and Wihler, T. P.},
     TITLE = {A posteriori error estimation for {$hp$}-version time-stepping
              methods for parabolic partial differential equations},
   JOURNAL = {Numer. Math.},
  FJOURNAL = {Numerische Mathematik},
    VOLUME = {115},
      YEAR = {2010},
    NUMBER = {3},
     PAGES = {475--509}
}
		
@article {SchotzauSchwab2000,
    AUTHOR = {Sch{\"o}tzau, D. and Schwab, C.},
     TITLE = {Time discretization of parabolic problems by the
              {$hp$}-version of the discontinuous {G}alerkin finite element
              method},
   JOURNAL = {SIAM J. Numer. Anal.},
  FJOURNAL = {SIAM Journal on Numerical Analysis},
    VOLUME = {38},
      YEAR = {2000},
    NUMBER = {3},
     PAGES = {837--875}
}

@article {Johnson1988,
    AUTHOR = {Johnson, C.},
     TITLE = {Error estimates and adaptive time-step control for a class of
              one-step methods for stiff ordinary differential equations},
   JOURNAL = {SIAM J. Numer. Anal.},
  FJOURNAL = {SIAM Journal on Numerical Analysis},
    VOLUME = {25},
      YEAR = {1988},
    NUMBER = {4},
     PAGES = {908--926}
}
	
@article {Filonov2004,
    AUTHOR = {Filonov, N.},
     TITLE = {On an inequality for the eigenvalues of the {D}irichlet and
              {N}eumann problems for the {L}aplace operator},
   JOURNAL = {Algebra i Analiz},
  FJOURNAL = {Rossi\u\i skaya Akademiya Nauk. Algebra i Analiz},
    VOLUME = {16},
      YEAR = {2004},
    NUMBER = {2},
     PAGES = {172--176}
}


@article {HurriStaples1996,
    AUTHOR = {Hurri-Syrj{\"a}nen, R. and Staples, S. G.},
     TITLE = {Quasiconformal maps and {P}oincar\'e domains},
   JOURNAL = {Rocky Mountain J. Math.},
  FJOURNAL = {The Rocky Mountain Journal of Mathematics},
    VOLUME = {26},
      YEAR = {1996},
    NUMBER = {4},
     PAGES = {1395--1423}
}


@article {Peano1886,
    AUTHOR = {G. Peano},
     TITLE = {Sull'integrabilità delle equazioni differenziali del primo ordine},
   JOURNAL = {Atti Accad. Sci. Torino},
  FJOURNAL = {Atti Accad. Sci. Torino},
    VOLUME = {21},
      YEAR = {1886},
    NUMBER = {},
     PAGES = {437--445}
}


@techreport{GiraultKumarWheeler2015,
    author      = "V. Girault and K. Kumar and M. F. Wheeler",
    title       = "Convergence of iterative coupling of geomechanics with
flow in a fractured poroelastic medium",
    number      = "ICES REPORT 15-05",
    institution = "The Institute for Computational Engineering and Sciences
The University of Texas at Austin",
	  address		= "Austin, Texas 78712",
    year        = "2015"
}

@book {Verzbitskij2002,
    AUTHOR = {Verzhbitsky, V. M.},
     TITLE = {Foundations of numerical methods},
 PUBLISHER = {Moscow, V. Shkola},
      YEAR = {2002},
     PAGES = {848}
}



@preamble{
   "\def\cprime{$'$} "
}
@article {OganesjanRuhovec1969,
    AUTHOR = {Oganesjan, L. A. and Ruhovec, L. A.},
     TITLE = {An investigation of the rate of convergence of
              variation-difference schemes for second order elliptic
              equations in a two-dimensional region with smooth boundary},
   JOURNAL = {\v Z. Vy\v cisl. Mat. i Mat. Fiz.},
  FJOURNAL = {Akademija Nauk SSSR. \v Zurnal Vy\v cislitel\cprime no\u\i\
              Matematiki i Matemati\v cesko\u\i\ Fiziki},
    VOLUME = {9},
      YEAR = {1969},
     PAGES = {1102--1120}
}
@incollection {Zlamal1977,
    AUTHOR = {Zl{\'a}mal, M.},
     TITLE = {Some superconvergence results in the finite element method},
 BOOKTITLE = {Mathematical aspects of finite element methods ({P}roc.
              {C}onf., {C}onsiglio {N}az. delle {R}icerche ({C}.{N}.{R}.),
              {R}ome, 1975)},
     PAGES = {353--362. Lecture Notes in Math., Vol. 606},
 PUBLISHER = {Springer, Berlin},
      YEAR = {1977}
}

@article {CourantFriedrichsLewy1967,
    AUTHOR = {Courant, R. and Friedrichs, K. and Lewy, H.},
     TITLE = {On the partial difference equations of mathematical physics},
   JOURNAL = {IBM J. Res. Develop.},
  FJOURNAL = {International Business Machines Corporation. Journal of
              Research and Development},
    VOLUME = {11},
      YEAR = {1967},
     PAGES = {215--234},
      ISSN = {0018-8646},
   MRCLASS = {39.20 (69.00)},
  MRNUMBER = {0213764 (35 \#4621)},
}


@article {DolgovKhoromskij2015,
    AUTHOR = {Dolgov, S. and Khoromskij, B.},
     TITLE = {Simultaneous state-time approximation of the chemical master
              equation using tensor product formats},
   JOURNAL = {Numer. Linear Algebra Appl.},
  FJOURNAL = {Numerical Linear Algebra with Applications},
    VOLUME = {22},
      YEAR = {2015},
    NUMBER = {2},
     PAGES = {197--219}
}

@article {DolgovKhoromskijOseledets2012,
    AUTHOR = {Dolgov, S. V. and Khoromskij, B. N. and Oseledets, I. V.},
     TITLE = {Fast solution of parabolic problems in the tensor
              train/quantized tensor train format with initial application
              to the {F}okker-{P}lanck equation},
   JOURNAL = {SIAM J. Sci. Comput.},
  FJOURNAL = {SIAM Journal on Scientific Computing},
    VOLUME = {34},
      YEAR = {2012},
    NUMBER = {6},
     PAGES = {A3016--A3038}
}
	
	
	@incollection {BanuelosKulczyckiPolterovichSiudeja2010,
    AUTHOR = {Ba{\~n}uelos, R. and Kulczycki, T. and Polterovich,
              I. and Siudeja, B.},
     TITLE = {Eigenvalue inequalities for mixed {S}teklov problems},
 BOOKTITLE = {Operator theory and its applications},
    SERIES = {Amer. Math. Soc. Transl. Ser. 2},
    VOLUME = {231},
     PAGES = {19--34},
 PUBLISHER = {Amer. Math. Soc., Providence, RI},
      YEAR = {2010},
   MRCLASS = {35P15 (35J05)},
  MRNUMBER = {2758960 (2012e:35176)},
MRREVIEWER = {Yongzhi Xu},
}


@article {KuznetsovKulczyckiKwasnickiNazarovPoborchiPolterovichSiudeja2014,
    AUTHOR = {Kuznetsov, N. and Kulczycki, T, and Kwa{\'s}nicki,
              Mateusz and Nazarov, A. and Poborchi, S. and
              Polterovich, I.and Siudeja, B.},
     TITLE = {The legacy of {V}ladimir {A}ndreevich {S}teklov},
   JOURNAL = {Notices Amer. Math. Soc.},
  FJOURNAL = {Notices of the American Mathematical Society},
    VOLUME = {61},
      YEAR = {2014},
    NUMBER = {1},
     PAGES = {9--22},
      ISSN = {0002-9920},
   MRCLASS = {01A70},
  MRNUMBER = {3137253},
       DOI = {10.1090/noti1073},
       URL = {http://dx.doi.org/10.1090/noti1073},
}
	
@article {ArxivGirouardPolterovich,
    AUTHOR = {A. Girouard and I. Polterovich},
     title = {Spectral geometry of the Steklov problem},
   JOURNAL = {arXiv.org},
      YEAR = {2014},
   version = {1},
    volume = {math/1411.6567},
}


@article {XuefengOishi2013,
    AUTHOR = {Liu, X. and Oishi, S.},
     TITLE = {Guaranteed high-precision estimation for {$P_0$}
              interpolation constants on triangular finite elements},
   JOURNAL = {Jpn. J. Ind. Appl. Math.},
  FJOURNAL = {Japan Journal of Industrial and Applied Mathematics},
    VOLUME = {30},
      YEAR = {2013},
    NUMBER = {3},
     PAGES = {635--652}
}


@article {HoshikawaUrakawa2010,
    AUTHOR = {Hoshikawa, Y. and Urakawa, H.},
     TITLE = {Affine {W}eyl groups and the boundary value eigenvalue
              problems of the {L}aplacian},
   JOURNAL = {Interdiscip. Inform. Sci.},
  FJOURNAL = {Interdisciplinary Information Sciences},
    VOLUME = {16},
      YEAR = {2010},
    NUMBER = {1},
     PAGES = {93--109}
}


@article {Pinsky1980,
    AUTHOR = {Pinsky, M. A.},
     TITLE = {The eigenvalues of an equilateral triangle},
   JOURNAL = {SIAM J. Math. Anal.},
  FJOURNAL = {SIAM Journal on Mathematical Analysis},
    VOLUME = {11},
      YEAR = {1980},
    NUMBER = {5},
     PAGES = {819--827}
}


@article {Berard1980,
    AUTHOR = {B{\'e}rard, P. H.},
     TITLE = {Spectres et groupes cristallographiques. {I}. {D}omaines
              euclidiens},
   JOURNAL = {Invent. Math.},
  FJOURNAL = {Inventiones Mathematicae},
    VOLUME = {58},
      YEAR = {1980},
    NUMBER = {2},
     PAGES = {179--199},
      ISSN = {0020-9910}
}

@book {StroudSecrest1966,
    AUTHOR = {Stroud, A. H. and Secrest, Don},
     TITLE = {Gaussian quadrature formulas},
 PUBLISHER = {Prentice-Hall, Inc., Englewood Cliffs, N.J.},
      YEAR = {1966},
     PAGES = {ix+374}
}
	
@book {Stroud1974,
    AUTHOR = {Stroud, A. H.},
     TITLE = {Numerical quadrature and solution of ordinary differential
              equations},
      NOTE = {A textbook for a beginning course in numerical analysis,
              Applied Mathematical Sciences, Vol. 10},
 PUBLISHER = {Springer-Verlag, New York-Heidelberg},
      YEAR = {1974},
     PAGES = {xi+338}
}
	