


@article{datar2002maintaining,
  title={Maintaining stream statistics over sliding windows},
  author={Datar, Mayur and Gionis, Aristides and Indyk, Piotr and Motwani, Rajeev},
  journal={SIAM journal on computing},
  volume={31},
  number={6},
  pages={1794--1813},
  year={2002},
  publisher={SIAM}
}

@article{guedalia1999line,
  title={An on-line agglomerative clustering method for nonstationary data},
  author={Guedalia, Isaac David and London, Mickey and Werman, Michael},
  journal={Neural computation},
  volume={11},
  number={2},
  pages={521--540},
  year={1999},
  publisher={MIT Press}
}


@article{tenenbaum2000global,
  title={A global geometric framework for nonlinear dimensionality reduction},
  author={Tenenbaum, Joshua B and De Silva, Vin and Langford, John C},
  journal={science},
  volume={290},
  number={5500},
  pages={2319--2323},
  year={2000},
  publisher={American Association for the Advancement of Science}
}
